ts_loc,ts_exch,ap0,as0,ap1,as1,ap2,as2,ap3,as3,ap4,as4,bp0,bs0,bp1,bs1,bp2,bs2,bp3,bs3,bp4,bs4,lt_px,lt_sz,lt_side
1763567157.841254,1763567158209,90507.3,0.12116517,90507.5,0.00080022,90507.7,0.00080011,90507.9,0.00080023,90508.0,1e-05,90507.2,0.1249,90506.4,1e-05,90505.0,0.012,90502.1,0.00101,90499.6,0.00786207,90507.2,0.005,-1
1763567157.934263,1763567158309,90507.3,0.11420587,90507.5,0.00080022,90507.7,0.00080011,90507.9,0.00080023,90508.0,1e-05,90507.2,0.1249,90506.4,1e-05,90505.0,0.012,90502.1,0.00101,90499.8,0.00640263,90507.2,0.005,-1
1763567158.035402,1763567158409,90507.3,0.12113422,90507.5,0.00080022,90507.7,0.00080011,90507.9,0.00080023,90508.0,1e-05,90507.2,0.1249,90506.4,1e-05,90505.0,0.012,90502.1,0.00101,90499.6,0.00040538,90507.2,0.005,-1
1763567158.134519,1763567158509,90507.3,0.11417311,90507.5,0.00080022,90507.7,0.00080011,90507.9,0.00080023,90508.0,0.01201,90507.2,0.1249,90506.4,1e-05,90505.0,0.012,90502.3,0.00566715,90502.1,0.00101,90507.2,0.005,-1
1763567158.234807,1763567158609,90507.3,0.12107208,90507.4,0.006391,90507.5,0.00087722,90507.6,7.7e-05,90507.7,0.00087711,90507.2,0.1249,90506.4,1e-05,90505.0,0.012,90502.1,0.00101,90499.6,0.00040538,90507.2,0.005,-1
1763567158.335076,1763567158709,90507.3,0.12617311,90507.4,0.006391,90507.5,0.00087722,90507.6,7.7e-05,90507.7,0.00087711,90507.2,0.1249,90506.4,1e-05,90506.0,0.012,90505.0,0.012,90502.1,0.00101,90507.2,0.005,-1
1763567158.436984,1763567158809,90507.3,0.11117311,90507.4,0.006391,90507.5,0.00087722,90507.6,7.7e-05,90507.7,0.00087711,90507.2,0.1249,90506.4,1e-05,90506.0,0.012,90505.0,0.012,90502.1,0.00101,90507.2,0.005,-1
1763567158.5337532,1763567158909,90507.3,0.01287695,90507.4,0.006391,90507.5,0.00087722,90507.6,7.7e-05,90507.7,0.00087711,90507.2,0.2998059,90507.0,0.012,90506.4,1e-05,90506.0,0.012,90505.0,0.012,90507.2,0.005,-1
1763567158.6346638,1763567159009,90508.3,0.00087734,90508.4,7.7e-05,90508.5,0.00087729,90508.6,7.7e-05,90508.7,0.00087711,90508.2,0.7499993,90508.1,0.2054463,90508.0,0.012,90507.8,0.1,90507.5,0.04804533,90508.2,7.7e-05,1
1763567158.7364779,1763567159109,90508.3,0.00131078,90508.4,7.7e-05,90508.5,0.00087729,90508.6,7.7e-05,90508.7,0.00087711,90508.2,0.76223667,90508.1,0.2694463,90508.0,0.112,90507.8,0.1,90507.6,0.16286123,90508.2,1.042e-05,-1
1763567158.935081,1763567159309,90508.3,0.00131078,90508.4,7.7e-05,90508.5,0.00087729,90508.6,7.7e-05,90508.7,0.00087711,90508.2,0.76223667,90508.1,0.33496177,90508.0,0.112,90507.8,0.1,90507.6,0.16286123,90508.2,1.042e-05,-1
1763567159.034215,1763567159409,90508.3,0.157891,90508.4,7.7e-05,90508.5,0.00087729,90508.6,7.7e-05,90508.7,0.00087711,90508.2,0.14312779,90508.0,0.012,90507.5,0.001,90507.2,0.001,90507.0,0.012,90508.2,1.042e-05,-1
1763567159.134005,1763567159509,90508.3,0.1190604,90508.4,7.7e-05,90508.5,0.00087729,90508.6,7.7e-05,90508.7,0.00087711,90508.2,0.18337779,90508.0,0.012,90507.5,0.001,90507.0,0.012,90506.4,1e-05,90508.2,1.042e-05,-1
1763567159.2336159,1763567159609,90508.3,0.08538331,90508.4,0.000154,90508.5,0.00087729,90508.6,7.7e-05,90508.7,0.00087711,90508.2,0.18337779,90508.1,0.01462949,90508.0,0.012,90507.5,0.001,90507.0,0.012,90508.2,1.042e-05,-1
1763567159.434228,1763567159809,90507.6,0.44745005,90507.8,0.06102489,90507.9,0.05524382,90508.0,0.012,90508.3,0.00123378,90507.5,0.22761177,90507.4,7.7e-05,90507.3,7.7e-05,90507.2,7.7e-05,90507.1,7.7e-05,90507.6,0.02216498,1
1763567159.534993,1763567159909,90507.6,0.63118502,90507.7,0.16344758,90507.9,0.16286123,90508.0,0.03999597,90509.0,0.012,90507.5,0.00113935,90507.4,7.7e-05,90507.3,7.7e-05,90507.2,7.7e-05,90507.1,7.7e-05,90509.2,0.00074168,1
1763567159.6351318,1763567160009,90502.2,0.19817445,90504.0,0.01201,90505.0,0.012,90506.0,0.012,90506.9,0.05578106,90502.1,0.09910054,90502.0,7.7e-05,90501.9,7.7e-05,90501.8,7.7e-05,90501.7,7.7e-05,90506.2,6.235e-05,-1
1763567159.736646,1763567160109,90503.7,0.12791415,90504.0,0.01201,90505.0,0.012,90506.0,0.012,90507.0,0.012,90503.6,0.21178,90503.0,0.012,90502.1,0.001087,90502.0,0.012077,90501.9,7.7e-05,90506.2,6.235e-05,-1
1763567159.83519,1763567160209,90502.2,0.19507239,90503.7,0.001,90504.0,0.01201,90504.8,0.00948183,90505.0,0.012,90502.1,0.001077,90502.0,7.7e-05,90501.9,7.7e-05,90501.8,7.7e-05,90501.7,7.7e-05,90506.2,6.235e-05,-1
1763567159.934795,1763567160309,90502.2,0.37509379,90503.0,0.012,90503.1,0.03780522,90503.7,0.001,90504.0,0.01201,90502.1,0.00064782,90502.0,7.7e-05,90501.9,7.7e-05,90501.8,7.7e-05,90501.7,7.7e-05,90502.1,0.0001655,-1
1763567160.033644,1763567160409,90502.2,0.25597158,90503.0,0.012,90503.1,0.03780522,90503.7,0.001,90504.0,0.01201,90502.1,0.00044235,90502.0,7.7e-05,90501.9,7.7e-05,90501.8,7.7e-05,90501.7,7.7e-05,90502.1,0.00010584,-1
1763567160.133437,1763567160509,90502.2,0.25597158,90502.3,0.000154,90502.4,7.7e-05,90502.5,7.7e-05,90502.6,7.7e-05,90502.1,0.00044235,90502.0,7.7e-05,90501.9,7.7e-05,90501.8,7.7e-05,90501.7,7.7e-05,90502.1,0.00010584,-1
1763567160.3341062,1763567160709,90502.1,0.58448999,90502.2,0.21808158,90502.3,0.000154,90502.4,7.7e-05,90502.5,7.7e-05,90502.0,7.7e-05,90501.9,7.7e-05,90501.8,7.7e-05,90501.7,7.7e-05,90501.6,7.7e-05,90502.1,0.00044235,-1
1763567160.4348211,1763567160809,90500.2,0.2971769,90500.3,0.03395882,90501.0,0.012,90501.3,0.00733,90501.8,0.03103266,90500.1,0.00054105,90500.0,7.7e-05,90499.9,0.00087723,90499.8,7.7e-05,90499.7,0.00087711,90500.1,0.00033626,-1
1763567160.534954,1763567160909,90494.6,0.34650279,90495.0,0.012,90495.2,0.1659673,90495.6,0.1659673,90496.0,0.012,90494.5,0.00048637,90494.4,7.7e-05,90494.3,0.00087663,90494.2,0.001077,90494.1,0.00087688,90494.5,0.00041369,-1
1763567160.640558,1763567161009,90485.1,0.08129551,90486.1,0.13312981,90486.3,0.00079963,90486.5,0.00079969,90486.7,0.00079978,90485.0,0.00719735,90484.0,0.012,90483.1,0.03121397,90483.0,0.012,90482.4,0.00040087,90485.0,0.0008004,-1
1763567160.733588,1763567161109,90484.1,0.07488575,90485.0,0.04981279,90485.1,0.1069711,90485.9,0.03103811,90486.1,0.05605603,90484.0,0.08337709,90483.0,0.012,90482.4,0.00040087,90482.0,0.012,90481.0,0.012,90485.0,2.011e-05,-1
1763567160.8333051,1763567161209,90484.1,0.09023,90485.0,0.04981279,90485.1,0.1069711,90485.9,0.03103811,90486.0,0.012,90484.0,0.09493663,90483.0,0.012,90482.4,0.00040087,90482.0,0.012,90481.1,0.01446692,90484.0,1.034e-05,-1
1763567160.935282,1763567161309,90484.1,0.13843,90485.0,0.04981279,90485.1,0.001,90485.9,0.03103811,90486.0,0.012,90484.0,0.12507245,90483.0,0.012,90482.4,0.00040087,90482.0,0.012,90481.0,0.012,90484.0,1.034e-05,-1
1763567161.0352151,1763567161409,90485.1,0.001,90486.1,0.00079988,90486.3,0.00079963,90486.5,0.00079969,90486.7,0.00079978,90485.0,0.59518002,90484.9,0.11239724,90484.3,0.05789686,90484.2,0.00044224,90484.0,0.15902,90484.1,0.00043344,1
1763567161.134757,1763567161509,90486.1,0.00079988,90486.3,0.00079963,90486.5,0.00079969,90486.7,0.00079978,90486.9,0.00079985,90486.0,0.33676153,90485.3,0.03682196,90485.2,0.16286123,90485.1,0.10167543,90484.9,1e-05,90484.1,0.00043344,1
1763567161.233731,1763567161609,90486.1,0.00079988,90486.3,0.00079963,90486.5,0.00079969,90486.7,0.00079978,90486.9,0.00079985,90486.0,0.33676153,90485.2,0.16286123,90485.1,0.10167543,90485.0,0.00551,90484.9,1e-05,90484.1,0.00043344,1
1763567161.338039,1763567161709,90488.5,0.00079943,90488.7,0.00079952,90488.9,0.00079957,90489.1,0.00079938,90489.3,0.00079932,90488.4,0.50763729,90487.4,0.00022112,90487.3,0.00022112,90486.5,0.09369458,90486.3,0.00050173,90488.3,0.00079957,1
1763567161.4371562,1763567161809,90494.3,0.00087663,90494.4,7.7e-05,90494.5,0.00087669,90494.6,0.001077,90494.7,0.00087678,90494.2,0.70157672,90494.1,0.73726108,90491.8,0.06244684,90491.7,0.00050173,90491.6,0.1,90494.2,7.7e-05,1
1763567161.534772,1763567161909,90494.3,0.2332587,90494.4,7.7e-05,90494.5,0.00087669,90494.6,7.7e-05,90494.7,0.00087678,90494.2,0.41456698,90493.5,1e-05,90491.2,0.00022112,90490.7,0.00022112,90489.9,0.05945158,90494.2,7.7e-05,1
1763567161.633182,1763567162009,90494.3,0.27777564,90494.4,7.7e-05,90494.5,0.00087669,90494.6,7.7e-05,90494.7,0.00087678,90494.2,0.00551,90493.5,1e-05,90492.0,0.012,90489.2,1e-05,90488.1,1.541e-05,90494.3,5.525e-05,1
1763567161.738132,1763567162109,90494.3,0.34695052,90494.4,7.7e-05,90494.5,0.00087669,90494.6,7.7e-05,90494.7,0.00087678,90494.2,0.00551,90493.5,1e-05,90489.2,1e-05,90488.1,1.541e-05,90486.1,0.00079988,90494.3,5.525e-05,1
1763567161.834136,1763567162209,90494.3,1.06988314,90494.4,7.7e-05,90494.5,0.00087669,90494.6,7.7e-05,90494.7,0.00087678,90494.2,0.00531333,90493.6,7.7e-05,90493.5,7.7e-05,90493.4,7.7e-05,90493.3,7.7e-05,90494.2,0.00019667,-1
1763567161.9339461,1763567162309,90493.8,0.76531652,90494.0,0.012,90494.3,0.0570735,90494.4,7.7e-05,90494.5,0.00087669,90493.7,0.169277,90493.6,7.7e-05,90493.5,7.7e-05,90493.4,7.7e-05,90493.3,7.7e-05,90494.2,0.00019667,-1
1763567162.033716,1763567162409,90494.5,0.00095449,90494.6,7.7e-05,90494.7,0.00087678,90494.8,7.7e-05,90494.9,0.00087685,90494.4,0.77297071,90494.3,0.08119485,90494.2,0.1192,90494.0,0.012,90493.8,0.00044224,90494.4,7.7e-05,1
1763567162.136259,1763567162509,90496.3,0.00087657,90496.4,7.7e-05,90496.5,0.00087643,90496.6,7.7e-05,90496.7,0.00087652,90496.2,0.83702943,90496.1,0.33240957,90496.0,0.012,90495.0,0.012,90494.8,0.06493177,90496.2,7.7e-05,1
1763567162.235434,1763567162609,90497.1,0.75087638,90497.2,7.7e-05,90497.3,0.00087632,90497.4,7.7e-05,90497.5,0.00087702,90497.0,0.62495845,90496.6,0.00044224,90496.5,0.10733,90496.4,0.06493061,90496.3,0.35567434,90497.0,7.7e-05,1
1763567162.3346019,1763567162709,90497.1,0.75072273,90497.2,7.7e-05,90497.3,0.00087632,90497.4,7.7e-05,90497.5,0.00087702,90497.0,0.39568153,90496.6,0.00044224,90496.5,0.00733,90496.3,0.24913502,90496.2,0.00531,90497.1,0.00014365,1
1763567162.43461,1763567162809,90497.1,0.75731792,90497.2,0.000154,90497.3,0.00087632,90497.4,7.7e-05,90497.5,0.00087702,90497.0,0.35353253,90496.5,0.00733,90496.4,0.07615859,90496.0,0.012,90495.0,0.012,90497.1,0.00014365,1
1763567162.534574,1763567162909,90497.1,0.75079573,90497.2,0.000154,90497.3,0.00087632,90497.4,7.7e-05,90497.5,0.00087702,90497.0,0.35416253,90496.9,0.000154,90496.8,7.7e-05,90496.7,7.7e-05,90496.6,7.7e-05,90497.1,0.00014365,1
1763567162.635158,1763567163009,90497.1,0.82900103,90497.2,0.000154,90497.3,0.00087632,90497.4,7.7e-05,90497.5,0.00087702,90497.0,0.00535429,90496.9,0.000154,90496.8,7.7e-05,90496.7,7.7e-05,90496.6,7.7e-05,90497.1,0.00014365,1
1763567162.736491,1763567163109,90497.1,0.94277995,90497.2,0.000154,90497.3,0.00087632,90497.4,7.7e-05,90497.5,0.00087702,90497.0,0.00488896,90496.9,0.000154,90496.8,7.7e-05,90496.7,7.7e-05,90496.6,7.7e-05,90497.0,0.00042104,-1
1763567162.834065,1763567163209,90497.0,0.64005687,90497.1,1.36292472,90497.2,0.000154,90497.3,0.00087632,90497.4,7.7e-05,90496.9,0.000154,90496.8,7.7e-05,90496.7,7.7e-05,90496.6,7.7e-05,90496.5,7.7e-05,90497.0,0.00017614,-1
1763567162.937221,1763567163309,90492.0,0.01201,90493.0,0.012,90494.0,0.012,90495.0,0.012,90496.0,0.01201,90491.9,0.18774082,90490.9,0.0779297,90490.1,0.07817845,90490.0,0.01051089,90489.2,1e-05,90490.0,0.00016123,-1
1763567163.034174,1763567163409,90497.1,0.75087353,90497.2,0.000154,90497.3,0.00087632,90497.4,7.7e-05,90497.5,0.00087702,90497.0,0.57125764,90496.2,0.1192,90496.1,0.17504754,90495.9,0.2192,90495.1,0.0003182,90496.0,7.78e-05,1
1763567163.133142,1763567163509,90497.1,0.75079573,90497.2,0.000154,90497.3,0.00087632,90497.4,7.7e-05,90497.5,0.00087702,90497.0,0.58325764,90496.3,0.00022112,90496.2,0.16286123,90496.1,0.17504754,90495.9,0.1192,90496.0,7.78e-05,1
1763567163.235169,1763567163609,90497.1,0.75079573,90497.2,0.000154,90497.3,0.00087632,90497.4,7.7e-05,90497.5,0.00087702,90497.0,0.75298567,90496.3,0.26962138,90496.2,0.16286123,90495.0,0.112,90494.8,0.1,90496.0,7.78e-05,1
1763567163.3347788,1763567163709,90497.1,0.75079573,90497.2,0.000231,90497.3,0.00087632,90497.4,7.7e-05,90497.5,0.00087702,90497.0,0.75298567,90496.3,0.26962138,90496.2,0.16286123,90495.0,0.112,90494.8,0.1,90496.0,7.78e-05,1
1763567163.435402,1763567163809,90508.5,0.00080029,90508.7,0.00080011,90509.0,0.0008,90509.2,0.00013507,90509.3,7.7e-05,90507.3,0.10548,90506.3,0.09281228,90506.0,0.012,90505.6,0.015,90505.4,0.20083185,90508.3,0.00133953,1
1763567163.53508,1763567163909,90509.7,0.00091743,90509.8,7.7e-05,90509.9,0.00087683,90510.0,7.7e-05,90510.1,0.00087688,90509.6,0.42176518,90509.4,0.00022112,90509.0,0.012,90508.6,0.03733164,90508.5,0.34284639,90509.6,7.7e-05,1
1763567163.63462,1763567164009,90509.7,0.00087678,90509.8,7.7e-05,90509.9,0.00087683,90510.0,7.7e-05,90510.1,0.00087688,90509.6,0.41879396,90509.4,0.00022112,90509.0,0.012,90508.6,0.03718513,90508.5,0.34284639,90509.6,7.7e-05,1
1763567163.733833,1763567164109,90509.7,0.00177678,90509.8,7.7e-05,90509.9,0.00087683,90510.0,7.7e-05,90510.1,0.00087688,90509.6,0.22621779,90509.4,0.00022112,90509.0,0.012,90508.6,0.00050173,90508.5,0.34284639,90509.6,7.7e-05,1
1763567163.835095,1763567164209,90509.7,0.14929831,90509.8,7.7e-05,90509.9,0.00087683,90510.0,7.7e-05,90510.1,0.00087688,90509.6,0.22360779,90507.3,0.001,90507.0,0.012,90506.4,1e-05,90506.0,0.02265338,90509.6,7.7e-05,1
1763567163.9348202,1763567164309,90509.7,0.14297349,90509.8,7.7e-05,90509.9,0.00087683,90510.0,0.012077,90510.1,0.00087688,90509.6,0.21940313,90507.3,0.001,90507.1,0.01444984,90507.0,0.012,90506.4,1e-05,90509.6,7.7e-05,1
1763567164.0352042,1763567164409,90509.7,0.00087678,90509.8,7.7e-05,90509.9,0.00087683,90510.0,7.7e-05,90510.1,0.00087688,90509.6,0.4098127,90509.0,0.012,90507.3,0.001,90507.1,0.02777849,90507.0,0.012,90509.6,7.7e-05,1
1763567164.137677,1763567164509,90509.9,0.00056061,90510.0,7.7e-05,90510.1,0.00087688,90510.2,7.7e-05,90510.3,0.00087663,90509.8,0.69091283,90509.7,0.20956245,90509.6,0.00472,90509.0,0.012,90507.6,0.0002371,90509.9,0.00031622,1
1763567164.234445,1763567164609,90509.9,0.00056061,90510.0,7.7e-05,90510.1,0.00087688,90510.2,7.7e-05,90510.3,0.00087663,90509.8,0.69099062,90509.7,0.20956245,90509.0,0.012,90507.6,0.0002371,90507.5,0.06566462,90509.9,0.00031622,1
1763567164.334848,1763567164709,90509.9,0.00056061,90510.0,7.7e-05,90510.1,0.00087688,90510.2,7.7e-05,90510.3,0.00087663,90509.8,0.69571062,90509.7,0.20956245,90509.0,0.012,90507.6,0.0002371,90507.5,0.06566462,90509.9,0.00031622,1
1763567164.43414,1763567164809,90510.1,0.00087688,90510.2,7.7e-05,90510.3,0.00087663,90510.4,7.7e-05,90510.5,0.00087669,90510.0,0.82980452,90509.9,0.09289129,90509.8,0.00494112,90509.7,0.00037512,90509.6,7.7e-05,90510.0,7.7e-05,1
1763567164.534327,1763567164909,90510.1,0.00087688,90510.2,7.7e-05,90510.3,0.00087663,90510.4,7.7e-05,90510.5,0.00087669,90510.0,0.78712452,90509.9,0.09304529,90509.8,0.00022112,90509.7,0.00037512,90509.6,7.7e-05,90510.0,7.7e-05,1
1763567164.634708,1763567165009,90510.1,0.00087688,90510.2,7.7e-05,90510.3,0.00087663,90510.4,7.7e-05,90510.5,0.00087669,90510.0,0.79208333,90509.9,0.09304529,90509.8,0.00022112,90509.7,0.00037512,90509.6,7.7e-05,90510.0,7.7e-05,1
1763567164.734338,1763567165109,90510.1,0.00087688,90510.2,7.7e-05,90510.3,0.00087663,90510.4,7.7e-05,90510.5,0.00087669,90510.0,0.79184452,90509.9,0.09304529,90509.8,0.00022112,90509.7,0.00037512,90509.6,7.7e-05,90510.0,7.7e-05,1
1763567164.8360262,1763567165209,90510.1,0.20188192,90510.2,7.7e-05,90510.3,0.00087663,90510.4,7.7e-05,90510.5,0.00087669,90510.0,0.34457083,90509.9,0.000154,90509.8,0.00022112,90509.7,0.00037512,90509.6,7.7e-05,90510.0,7.7e-05,1
1763567164.933193,1763567165309,90510.1,0.27194877,90510.2,7.7e-05,90510.3,0.00087663,90510.4,7.7e-05,90510.5,0.00087669,90510.0,0.34063286,90509.9,0.000154,90509.7,0.000154,90509.6,7.7e-05,90509.5,7.7e-05,90510.1,0.00023315,1
1763567165.0367339,1763567165409,90510.1,0.27194877,90510.2,7.7e-05,90510.3,0.00087663,90510.4,7.7e-05,90510.5,0.00087669,90510.0,0.33282672,90509.9,0.000154,90509.7,0.000154,90509.6,7.7e-05,90509.5,7.7e-05,90510.1,0.00023315,1
1763567165.135523,1763567165509,90510.1,0.53186535,90510.2,7.7e-05,90510.3,0.00087663,90510.4,7.7e-05,90510.5,0.00087669,90510.0,0.00479779,90509.9,0.000154,90509.7,0.000154,90509.6,7.7e-05,90509.5,7.7e-05,90510.1,0.00023315,1
1763567165.235605,1763567165609,90510.1,0.45795857,90510.2,7.7e-05,90510.3,0.00087663,90510.4,7.7e-05,90510.5,0.00087669,90510.0,0.00472,90509.9,0.000154,90509.7,0.000154,90509.6,7.7e-05,90509.5,7.7e-05,90510.1,0.00023315,1
1763567165.534135,1763567165909,90510.1,0.47092359,90510.2,7.7e-05,90510.3,0.00087663,90510.4,7.7e-05,90510.5,0.00087669,90510.0,0.00472,90509.9,0.000154,90509.7,0.000154,90509.6,7.7e-05,90509.5,7.7e-05,90510.1,1.018e-05,1
1763567165.636199,1763567166009,90510.3,0.00087663,90510.4,7.7e-05,90510.5,0.00087669,90510.6,7.7e-05,90510.7,0.00087678,90510.2,0.45934728,90510.1,0.41112546,90510.0,0.35378545,90509.9,0.000154,90509.8,7.7e-05,90510.2,7.7e-05,1
1763567165.734968,1763567166109,90510.3,0.00087663,90510.4,7.7e-05,90510.5,0.00087669,90510.6,7.7e-05,90510.7,0.00087678,90510.2,0.53572573,90510.1,0.1663893,90510.0,0.012077,90509.9,0.000154,90509.8,7.7e-05,90510.2,7.7e-05,1
1763567165.835265,1763567166209,90510.3,0.15775209,90510.4,7.7e-05,90510.5,0.00087669,90510.6,7.7e-05,90510.7,0.00087678,90510.2,0.44936619,90510.1,0.1663893,90510.0,0.012077,90509.9,0.000154,90509.8,7.7e-05,90510.2,7.7e-05,1
1763567165.933801,1763567166309,90510.3,0.25575209,90510.4,7.7e-05,90510.5,0.00087669,90510.6,7.7e-05,90510.7,0.00087678,90510.2,0.27179779,90510.1,7.7e-05,90510.0,0.012077,90509.9,0.000154,90509.8,7.7e-05,90510.2,7.7e-05,1
1763567166.035728,1763567166409,90510.3,0.2676561,90510.4,7.7e-05,90510.5,0.00087669,90510.6,7.7e-05,90510.7,0.00087678,90510.2,0.08114779,90510.1,7.7e-05,90510.0,7.7e-05,90509.9,0.000154,90509.8,7.7e-05,90510.2,7.7e-05,1
1763567166.1350532,1763567166509,90501.8,0.46543026,90501.9,0.1876366,90502.0,0.0462183,90502.2,0.62068536,90502.7,0.1192,90501.7,0.00095457,90501.6,7.7e-05,90501.5,0.00087679,90501.4,0.00087669,90501.3,7.7e-05,90501.8,7.7e-05,-1
1763567166.238453,1763567166609,90498.2,0.45632296,90498.3,0.0684366,90498.8,0.03851008,90498.9,0.1192,90499.0,0.012,90498.1,0.00087716,90498.0,7.7e-05,90497.9,0.00087709,90497.8,7.7e-05,90497.7,0.00087693,90498.2,7.7e-05,-1
1763567166.335723,1763567166709,90495.2,0.29024355,90495.4,0.00552508,90495.6,0.00552508,90495.8,0.17716895,90495.9,0.13871742,90495.1,0.00087688,90495.0,7.7e-05,90494.9,0.00087685,90494.8,7.7e-05,90494.7,0.00087678,90495.2,7.7e-05,-1
1763567166.434506,1763567166809,90491.6,0.73846174,90491.9,0.26408723,90492.1,0.07451291,90492.2,0.1192,90492.4,0.06258322,90491.5,0.00046567,90491.3,0.00080022,90491.1,0.00080057,90491.0,0.00157048,90490.9,0.0008004,90491.5,0.00033455,-1
1763567166.533967,1763567166909,90489.8,0.13196072,90490.3,0.0003734,90490.4,0.31615742,90490.5,1e-05,90491.2,0.03678027,90489.7,0.00061011,90489.5,0.00080002,90489.3,0.00079932,90489.1,0.00079938,90488.9,0.00079957,90489.7,0.00018982,-1
1763567166.636276,1763567167009,90484.1,0.26296672,90484.4,0.03851619,90485.2,0.03678271,90486.0,1e-05,90486.2,0.00765241,90484.0,0.00082998,90483.9,0.00080023,90483.7,0.00080011,90483.5,0.00080022,90483.3,0.00080022,90484.0,0.00050507,-1
1763567166.734784,1763567167109,90483.6,0.72308943,90483.9,0.06151597,90484.0,0.03851639,90484.1,0.05625835,90484.4,0.03851619,90483.5,0.00069356,90483.3,0.00080022,90483.1,0.00080057,90482.9,0.0008004,90482.7,0.00080034,90483.5,0.00010666,-1
1763567166.8336372,1763567167209,90483.6,0.72308943,90483.9,0.06151597,90484.0,0.05051639,90484.1,0.06175835,90484.4,0.03851619,90483.5,0.00069356,90483.3,0.00080022,90483.1,0.00080057,90482.9,0.0008004,90482.7,0.00080034,90483.5,0.00010666,-1
1763567166.934195,1763567167309,90483.6,0.78375143,90483.9,0.06151597,90484.0,0.05051639,90484.1,0.05625835,90484.4,0.03851619,90483.5,0.00069356,90483.3,0.00080022,90483.1,0.00080057,90482.9,0.0008004,90482.7,0.00080034,90483.5,0.00010666,-1
1763567167.0337029,1763567167409,90483.6,0.78932924,90483.9,0.06151597,90484.0,0.05051639,90484.1,0.05625835,90484.4,0.03851619,90483.5,0.00069356,90483.3,0.00080022,90483.1,0.00080057,90482.9,0.0008004,90482.7,0.00080034,90483.5,0.00010666,-1
1763567167.134135,1763567167509,90477.3,0.12896526,90477.6,0.1139,90477.8,0.18214138,90477.9,0.04,90478.0,0.1842,90477.2,0.00079975,90477.0,0.0008,90476.7,0.00080011,90476.5,0.00080029,90476.3,0.00081034,90477.4,0.00079969,-1
1763567167.2345128,1763567167609,90476.2,0.04923,90476.4,0.37735167,90476.5,0.03948595,90476.6,0.32328156,90476.7,0.04,90475.7,1.987e-05,90475.5,0.00080022,90475.3,0.00080022,90475.1,0.00080057,90474.9,0.0008004,90475.7,0.00078024,-1
1763567167.3359191,1763567167709,90475.6,0.39152968,90475.8,0.06824138,90476.0,0.12379792,90476.1,0.07954374,90477.0,0.01201,90475.5,0.00073668,90475.3,0.00080022,90475.1,0.00080057,90474.9,0.0008004,90474.7,0.00080034,90475.6,0.00025421,1
1763567167.4345431,1763567167809,90475.6,0.39152968,90476.0,0.08838526,90476.1,0.03851974,90477.0,0.01201,90477.3,0.001,90475.5,0.00073668,90475.3,0.00080022,90475.1,0.00080057,90474.9,0.0008004,90474.7,0.00080034,90475.6,0.00025421,1
1763567167.535421,1763567167909,90475.6,0.40537864,90476.0,0.08838526,90476.1,0.03851974,90476.2,0.0055,90477.0,0.01201,90475.5,0.00073668,90475.3,0.00080022,90475.1,0.00080057,90474.9,0.0008004,90474.7,0.00080034,90475.6,0.00025421,1
1763567167.634578,1763567168009,90475.1,0.12792719,90476.0,0.012,90476.1,0.03851974,90477.0,0.01201,90477.3,0.001,90475.0,0.2072102,90474.9,0.0008004,90474.7,0.00080034,90474.5,0.00080021,90474.3,0.00080021,90475.1,0.00080057,-1
1763567167.735054,1763567168109,90475.1,0.12792719,90476.0,0.012,90476.1,0.03851974,90477.0,0.01201,90477.3,0.001,90475.0,0.23211827,90474.9,0.0008004,90474.7,0.00080034,90474.5,0.00080021,90474.3,0.00080021,90475.0,9.193e-05,-1
1763567167.8347461,1763567168209,90475.1,0.14722719,90476.0,0.012,90476.1,0.03851974,90477.0,0.01201,90477.3,0.001,90475.0,0.30958707,90474.9,0.0008004,90474.7,0.00080034,90474.5,0.00080021,90474.3,0.00080021,90475.0,9.193e-05,-1
1763567167.9357948,1763567168309,90475.1,0.01937781,90476.1,0.03851974,90477.0,1e-05,90477.3,0.001,90478.1,0.03851889,90475.0,0.30958707,90474.9,0.0008004,90474.7,0.00080034,90474.5,0.00080021,90474.3,0.00080021,90475.1,0.00170757,1
1763567168.036184,1763567168409,90479.5,0.00107781,90481.5,1e-05,90483.1,0.00080057,90483.3,0.00080022,90483.5,0.00080022,90479.4,0.39230527,90479.0,0.012,90477.6,0.03502147,90477.5,0.12763336,90477.4,0.1192,90477.3,7.781e-05,1
1763567168.1365042,1763567168509,90483.1,0.00080057,90483.3,0.00080022,90483.5,0.00080022,90483.7,0.00080011,90483.9,0.00080023,90483.0,0.56221481,90482.1,0.00021977,90482.0,0.13590364,90481.9,0.1,90481.0,0.112,90479.5,7.781e-05,1
1763567168.2349398,1763567168609,90494.8,0.00816448,90494.9,0.00087685,90495.0,8.7e-05,90495.1,0.00087688,90495.2,7.7e-05,90494.7,0.48502754,90494.3,0.03795528,90494.2,0.39542628,90494.1,0.09261267,90494.0,0.1312,90494.7,0.00087678,1
1763567168.334338,1763567168709,90494.8,0.00546387,90494.9,0.00087685,90495.0,7.7e-05,90495.1,0.00087688,90495.2,7.7e-05,90494.7,0.48610534,90494.4,0.00050173,90494.3,0.15722517,90494.2,0.39542628,90494.1,0.0567126,90494.8,0.00270061,1
1763567168.436026,1763567168809,90494.8,0.00636387,90494.9,0.00087685,90495.0,0.012077,90495.1,0.00087688,90495.2,7.7e-05,90494.7,0.28406034,90494.5,0.0280592,90494.0,0.012,90493.8,0.001,90493.5,0.01098714,90494.8,0.00270061,1
1763567168.536864,1763567168909,90494.9,0.07207685,90495.0,0.012077,90495.1,0.00087688,90495.2,7.7e-05,90495.3,0.00087691,90494.8,0.2800378,90494.7,0.0172547,90494.0,0.012,90493.8,0.001,90493.5,0.01098714,90494.8,0.00546387,1
1763567168.63549,1763567169009,90494.9,0.10402092,90495.0,0.012087,90495.1,0.00087688,90495.2,7.7e-05,90495.3,0.00087691,90494.8,7.78e-05,90494.7,0.001,90493.8,0.001,90493.7,7.7e-05,90493.6,7.7e-05,90494.8,0.00546387,1
1763567168.7393541,1763567169109,90494.8,0.28044239,90494.9,0.00202685,90495.0,0.012087,90495.1,0.00087688,90495.2,7.7e-05,90494.7,0.16951151,90494.6,7.7e-05,90494.5,7.7e-05,90494.4,7.7e-05,90494.3,7.7e-05,90494.8,7.78e-05,-1
1763567168.834322,1763567169209,90494.8,0.23585713,90494.9,0.00202685,90495.0,0.012087,90495.1,0.00087688,90495.2,7.7e-05,90494.7,0.00121151,90494.6,7.7e-05,90494.5,7.7e-05,90494.4,7.7e-05,90494.3,7.7e-05,90494.8,7.78e-05,-1
1763567168.933585,1763567169309,90493.6,0.32105494,90494.0,0.012,90494.3,0.10032807,90494.4,0.03822457,90494.7,0.04,90493.5,0.00011252,90493.4,7.7e-05,90493.3,7.7e-05,90490.8,0.001,90489.2,1e-05,90493.6,7.7e-05,-1
1763567169.0341592,1763567169409,90493.6,0.25808655,90494.0,0.012,90494.3,0.10032807,90494.4,0.03822457,90494.8,0.00733,90493.5,0.0009669,90493.4,7.7e-05,90493.3,7.7e-05,90493.0,0.012,90492.0,0.012,90493.5,0.00147785,-1
1763567169.1345978,1763567169509,90493.6,0.19794759,90494.0,0.012,90494.4,0.07644914,90494.9,0.00087685,90495.0,0.012087,90493.5,0.1692669,90493.4,7.7e-05,90493.3,7.7e-05,90493.0,0.012,90492.0,0.012,90493.5,0.00147785,-1
1763567169.23474,1763567169609,90494.9,0.11394439,90495.0,8.7e-05,90495.1,0.00087688,90495.2,7.7e-05,90495.3,0.00087691,90494.8,0.26775928,90494.1,0.03160435,90494.0,0.012,90493.5,1e-05,90493.4,7.7e-05,90493.6,7.78e-05,1
1763567169.3355432,1763567169709,90494.9,0.11394439,90495.0,0.012241,90495.1,0.00087688,90495.2,7.7e-05,90495.3,0.00087691,90494.8,0.1833,90494.0,0.012,90493.5,1e-05,90493.4,7.7e-05,90493.3,7.7e-05,90494.8,0.00042617,-1
1763567169.436478,1763567169809,90494.9,0.11848557,90495.0,0.04310963,90495.1,0.00087688,90495.2,7.7e-05,90495.3,0.00087691,90494.8,0.13461406,90494.0,0.012,90493.5,1e-05,90493.4,7.7e-05,90493.3,7.7e-05,90494.8,0.00042617,-1
1763567169.533963,1763567169909,90492.1,0.23026518,90492.9,0.03822521,90494.0,0.012,90494.9,0.00087685,90495.0,0.012626,90492.0,0.1803335,90491.1,0.01328397,90491.0,0.012,90490.8,0.001,90489.2,1e-05,90493.5,5.051e-05,-1
1763567169.6336179,1763567170009,90494.9,0.08707685,90495.0,0.012626,90495.1,0.00087688,90495.2,7.7e-05,90495.3,0.00087691,90494.8,0.22072194,90494.0,0.012,90493.5,1e-05,90492.0,0.012,90491.0,0.012,90493.5,5.051e-05,-1
1763567169.7359622,1763567170109,90494.9,0.12255585,90495.0,0.012703,90495.1,0.00087688,90495.2,7.7e-05,90495.3,0.00087691,90494.8,0.03103,90493.5,1e-05,90492.0,0.012,90491.0,0.012,90490.8,0.001,90494.9,0.00038676,1
1763567169.8338602,1763567170209,90491.2,0.12436429,90492.9,0.02904636,90494.9,0.00041309,90495.0,0.013088,90495.1,0.00087688,90491.1,0.27656472,90491.0,0.012,90490.8,0.001,90489.2,1e-05,90487.0,0.012,90493.5,3.35e-05,-1
1763567169.933579,1763567170309,90490.9,0.43550171,90492.8,0.20685446,90492.9,0.2244249,90493.0,0.012,90494.9,0.00041309,90490.8,0.001,90489.2,1e-05,90486.8,0.01026423,90486.7,0.00079978,90486.5,0.00079969,90492.8,1.572e-05,-1
1763567170.036958,1763567170409,90486.8,0.39068431,90487.6,0.02904806,90489.5,0.00817804,90489.7,0.05865425,90490.5,0.03853145,90486.7,0.00079978,90486.5,0.00079969,90486.3,0.00079963,90486.1,0.00079988,90485.9,0.00079983,90490.8,0.001,-1
1763567170.1348128,1763567170509,90486.8,0.317676,90487.6,0.02904806,90489.5,0.00817804,90489.7,0.05865425,90490.5,1e-05,90486.7,0.09879978,90486.5,0.00079969,90486.3,0.00079963,90486.1,0.00079988,90485.9,0.00079983,90490.8,0.001,-1
1763567170.23345,1763567170609,90486.8,0.11987806,90487.6,0.02904806,90489.0,0.012,90489.7,0.05865425,90490.5,1e-05,90486.7,0.176365,90486.5,0.00079969,90486.3,0.00079963,90486.1,0.00079988,90486.0,0.012,90490.8,0.001,-1
1763567170.3346298,1763567170709,90490.5,0.14154004,90490.9,0.001,90491.0,0.012,90492.0,0.012,90493.0,0.012,90490.4,0.14456913,90490.0,0.012,90489.2,1e-05,90489.0,0.012,90486.7,0.00079978,90490.5,1.106e-05,1
1763567170.435605,1763567170809,90490.5,7.78e-05,90490.9,0.001,90494.9,0.00041309,90495.0,0.013088,90495.1,0.00087688,90490.4,0.21863913,90490.1,0.01170388,90490.0,0.012,90489.2,1e-05,90489.0,0.012,90490.5,1.106e-05,1
1763567170.533967,1763567170909,90490.9,0.001,90493.3,7.7e-05,90493.4,7.7e-05,90493.5,7.7e-05,90493.6,7.7e-05,90490.8,0.5997571,90490.6,0.05479492,90490.4,0.10110586,90490.0,0.012,90489.2,1e-05,90490.5,7.78e-05,1
1763567170.6351519,1763567171009,90493.0,0.11163217,90493.3,7.7e-05,90493.4,7.7e-05,90493.5,7.7e-05,90493.6,7.7e-05,90492.9,0.53309091,90492.1,0.01712086,90492.0,0.012,90491.1,0.04435633,90490.8,0.001,90490.9,0.001,1
1763567170.733323,1763567171109,90494.9,0.0005679,90495.0,8.7e-05,90495.1,0.00087688,90495.2,7.7e-05,90495.3,0.00087691,90494.8,0.4949383,90494.7,0.1,90494.0,0.012,90493.5,0.00022112,90493.4,0.04435523,90494.8,7.7e-05,1
1763567170.834116,1763567171209,90494.9,0.0005679,90495.0,8.7e-05,90495.1,0.00087688,90495.2,7.7e-05,90495.3,0.00087691,90494.8,0.5949383,90494.7,0.1,90494.0,0.012,90493.5,0.00023112,90493.4,0.04435523,90494.8,7.7e-05,1
1763567170.9353778,1763567171309,90494.9,0.0708679,90495.0,8.7e-05,90495.1,0.00087688,90495.2,7.7e-05,90495.3,0.00087691,90494.8,0.5899383,90494.7,0.1,90494.0,0.012,90493.5,0.00023112,90493.4,0.04435523,90494.8,0.005,-1
1763567171.035109,1763567171409,90492.3,0.24980703,90493.0,0.012,90494.0,0.012,90494.9,0.00049009,90495.0,0.012087,90492.2,0.06154101,90491.0,0.012,90490.8,0.001,90490.0,0.012,90489.2,1e-05,90494.8,0.005,-1
1763567171.137889,1763567171509,90490.9,0.3105505,90491.0,0.012,90492.0,0.00761557,90492.1,0.0076455,90492.2,0.10486819,90490.8,0.001,90489.2,1e-05,90488.0,0.012,90487.7,4.201e-05,90487.6,0.09224859,90494.8,0.005,-1
1763567171.23438,1763567171609,90487.7,0.35610702,90488.0,0.012,90489.6,0.0079055,90489.8,0.00795116,90489.9,0.03171054,90487.6,3.032e-05,90486.7,0.00079978,90486.5,0.00079969,90486.3,0.00079963,90486.1,0.00079988,90487.7,4.201e-05,-1
1763567171.334655,1763567171709,90485.5,0.16489144,90486.0,0.012,90486.4,0.1139,90486.6,0.25797794,90486.7,0.20755446,90485.4,0.06229797,90485.2,0.00079975,90485.0,0.0008,90484.9,1e-05,90484.7,0.00080011,90485.5,0.00079979,-1
1763567171.433698,1763567171809,90485.5,0.24238043,90486.0,0.01201,90486.1,0.03955777,90486.2,0.19893489,90486.4,0.06173666,90485.4,0.00082044,90485.2,0.00079975,90485.0,0.0008,90484.7,0.00080011,90484.5,0.00080029,90485.5,0.00079979,-1
1763567171.53525,1763567171909,90484.2,0.55225251,90484.3,0.03585108,90484.4,0.59218944,90484.5,0.04,90484.6,0.62747858,90484.1,0.00080031,90483.9,0.00080023,90483.7,0.00080011,90483.5,0.00091966,90483.3,0.00080022,90484.3,0.00080034,-1
1763567171.634191,1763567172009,90484.2,0.54501207,90484.5,0.03268891,90485.0,0.012,90485.2,0.03268864,90485.5,0.001,90484.1,0.16910031,90483.9,0.00080023,90483.7,0.00080011,90483.5,0.00091966,90483.3,0.00080022,90484.3,0.00080034,-1
1763567171.734199,1763567172109,90484.2,0.23363216,90484.5,0.03268891,90485.0,0.012,90485.2,0.03268864,90485.5,0.001,90484.1,0.17883618,90484.0,0.012,90483.9,0.00080023,90483.7,0.00080011,90483.5,0.00091966,90484.3,0.00080034,-1
1763567171.834529,1763567172209,90484.2,0.0157778,90486.0,1e-05,90490.5,1e-05,90490.9,0.001,90491.0,0.012,90484.1,0.34631588,90484.0,0.112,90483.9,0.00080023,90483.7,0.00080011,90483.5,0.00091966,90484.3,0.00080034,-1
1763567171.934425,1763567172309,90484.2,0.2194681,90485.0,0.012,90486.0,0.01201,90487.0,0.012,90490.5,0.06381545,90484.1,0.17159031,90483.9,0.00080023,90483.7,0.00080011,90483.5,0.00091966,90483.3,0.00080022,90484.3,0.00080034,-1
1763567172.034289,1763567172409,90484.2,0.23865224,90485.0,0.012,90486.0,0.01201,90487.0,0.012,90487.1,0.03511765,90484.1,0.09880031,90483.9,0.00080023,90483.7,0.00080011,90483.5,0.00091966,90483.3,0.00080022,90484.3,0.00080034,-1
1763567172.133549,1763567172509,90482.6,0.05649,90482.8,0.39458564,90483.0,0.012,90483.2,0.14087584,90483.3,0.20917746,90482.1,0.00056931,90481.9,0.00080009,90481.7,0.00079993,90481.5,0.00080002,90481.3,0.00079932,90482.1,0.00023085,-1
1763567172.236894,1763567172609,90477.2,0.48035717,90477.8,0.0003734,90477.9,0.03646025,90478.0,0.30295376,90478.2,0.12472943,90477.1,0.06100277,90477.0,0.0008,90476.7,0.00080011,90476.5,0.00080029,90476.3,0.00080034,90477.2,0.00082025,-1
1763567172.335646,1763567172709,90477.1,0.48434937,90477.2,0.18102632,90477.9,0.02697743,90478.0,0.04712118,90478.9,0.00552963,90477.0,0.00064559,90476.7,0.00080011,90476.5,0.00080029,90476.3,0.00080034,90476.1,0.00080031,90477.0,0.00015441,-1
1763567172.4353678,1763567172809,90477.1,0.49814937,90477.2,0.3325752,90477.8,0.16286123,90477.9,0.02697743,90478.0,0.04712118,90475.7,0.00044698,90475.5,0.00080022,90475.3,0.00080022,90475.1,0.00080057,90475.0,0.00053919,90475.7,0.00035313,-1
1763567172.536082,1763567172909,90475.6,0.33186017,90475.7,0.33371522,90476.0,0.01201,90476.7,0.06209945,90477.0,0.059144,90475.5,0.09880022,90475.3,0.00080022,90475.1,0.00080057,90475.0,0.00053919,90474.9,0.0008004,90475.7,0.00044698,-1
1763567172.634114,1763567173009,90475.6,0.08627781,90476.0,0.01201,90477.0,0.012,90477.2,0.001,90478.0,0.012,90475.5,0.2779022,90475.3,0.00080022,90475.1,0.00080057,90475.0,0.01253919,90474.9,0.0008004,90475.7,0.00044698,-1
1763567172.734014,1763567173109,90475.6,0.0159,90476.0,1e-05,90477.2,0.001,90478.0,0.012,90479.1,0.02697707,90475.5,0.2852322,90475.3,0.00080022,90475.1,0.00080057,90475.0,0.01253919,90474.9,0.0008004,90475.7,0.00044698,-1
1763567172.836274,1763567173209,90475.6,0.0276,90476.0,1e-05,90477.2,0.001,90479.1,0.02697707,90479.9,7.781e-05,90475.5,0.25275894,90475.3,0.00080022,90475.1,0.00080057,90475.0,0.01253919,90474.9,0.0008004,90475.7,0.00044698,-1
1763567172.9348638,1763567173309,90477.2,0.00107781,90480.0,1e-05,90482.9,0.001,90483.0,0.012,90483.4,0.03511908,90477.1,0.41040127,90477.0,0.012,90476.3,0.00491926,90476.1,0.03444793,90476.0,0.11631922,90477.1,1.412e-05,-1
1763567173.0366762,1763567173409,90477.2,0.00107781,90480.0,1e-05,90483.0,0.012,90483.7,0.00080011,90483.9,0.00080023,90477.1,0.41040127,90477.0,0.012,90476.3,0.00491926,90476.0,0.11631922,90475.9,0.1,90477.1,1.412e-05,-1
1763567173.208318,1763567173509,90477.2,0.001,90480.0,1e-05,90482.6,0.00600485,90482.8,0.00243594,90482.9,7.782e-05,90477.1,0.40644466,90477.0,0.012,90476.3,0.00491926,90476.0,0.11631922,90475.9,0.1,90477.1,0.00395661,-1
1763567173.234111,1763567173609,90477.2,0.001,90480.0,1e-05,90482.6,0.0041228,90482.8,0.00394657,90482.9,7.782e-05,90477.1,0.33891792,90477.0,0.012,90476.3,0.00491926,90476.1,0.03444732,90476.0,0.21814253,90477.1,0.00395661,-1
1763567173.3348858,1763567173709,90483.7,0.00087793,90483.9,0.00080023,90484.0,1e-05,90484.1,0.00080031,90484.3,0.00080034,90483.6,0.77824735,90483.0,0.112,90482.4,0.05996932,90482.1,0.13021499,90481.9,0.1,90482.0,7.782e-05,1
1763567173.437078,1763567173809,90483.7,0.00087793,90483.9,0.00080023,90484.0,1e-05,90484.1,0.00080031,90484.3,0.00080034,90483.6,0.67345945,90483.0,0.112,90482.4,0.05996932,90482.1,0.13021499,90481.9,0.1,90482.0,7.782e-05,1
1763567173.536803,1763567173909,90483.7,0.29498201,90483.9,0.00080023,90484.0,0.03898563,90484.1,0.00080031,90484.3,0.00080034,90483.6,0.15822,90482.0,0.012,90481.0,0.05527812,90480.9,0.06100428,90480.6,1e-05,90482.0,7.782e-05,1
1763567173.635774,1763567174009,90483.7,0.29490419,90483.9,0.00080023,90484.0,0.03898563,90484.1,0.00080031,90484.3,0.00080034,90483.6,0.098,90481.0,0.012,90480.9,0.06100428,90480.6,1e-05,90479.0,0.012,90482.0,7.782e-05,1
1763567173.73524,1763567174109,90481.0,0.06918648,90482.9,0.03289029,90483.4,0.00936376,90483.7,0.06275623,90483.9,0.00080023,90480.9,0.20801068,90480.6,1e-05,90479.0,0.012,90478.0,0.012,90477.0,0.012,90482.0,7.782e-05,1
1763567173.8331509,1763567174209,90481.0,0.06044217,90481.5,0.001,90482.9,0.03289029,90483.7,0.06275623,90483.9,0.00080023,90480.9,0.21523669,90480.6,1e-05,90480.0,0.012,90479.0,0.012,90478.0,0.012,90482.0,7.782e-05,1
1763567173.936159,1763567174309,90481.0,0.06044217,90481.5,0.001,90482.9,0.03289029,90483.0,0.012,90483.7,0.06275623,90480.9,0.21523669,90480.6,1e-05,90480.0,0.012,90479.0,0.012,90478.0,0.012,90482.0,7.782e-05,1
1763567174.034595,1763567174409,90481.0,0.04040679,90481.5,0.001,90482.9,0.03289029,90483.0,0.012,90483.7,0.06275623,90480.9,0.21745669,90480.6,1e-05,90480.0,0.012,90479.0,0.012,90478.0,0.012,90482.0,7.782e-05,1
1763567174.133512,1763567174509,90481.0,0.17320848,90481.5,0.001,90482.0,0.012,90482.9,0.03289029,90483.0,0.012,90480.9,0.14715669,90480.6,1e-05,90480.0,0.012,90479.0,0.012,90478.0,0.012,90482.0,7.782e-05,1
1763567174.234045,1763567174609,90481.0,0.25083848,90481.5,0.001,90482.0,0.012,90482.8,0.06367809,90482.9,0.03289029,90480.9,0.14637598,90480.6,1e-05,90478.0,0.012,90477.0,0.012,90476.3,1e-05,90482.0,7.782e-05,1
1763567174.3350668,1763567174709,90481.0,0.08843965,90481.5,0.001,90482.0,0.012,90482.9,0.03289029,90483.0,0.012,90480.9,0.254268,90480.6,1e-05,90478.0,0.012,90477.0,0.012,90476.3,1e-05,90482.0,7.782e-05,1
1763567174.434376,1763567174809,90481.5,0.001,90483.7,0.00080011,90483.9,0.00080023,90484.0,0.01201,90484.1,0.00080031,90481.4,0.45798651,90481.1,0.05522676,90480.9,0.16100428,90480.6,1e-05,90478.0,0.012,90482.0,7.782e-05,1
1763567174.533844,1763567174909,90481.5,0.0713,90482.0,0.012,90483.0,0.012,90483.7,0.02920607,90483.9,0.00080023,90481.4,0.29045777,90481.1,0.02895876,90481.0,0.012,90480.9,0.06100428,90480.6,1e-05,90482.0,7.782e-05,1
1763567174.6344802,1763567175009,90481.5,0.02840663,90482.0,0.012,90483.0,0.012,90483.7,0.02920607,90483.9,0.00080023,90481.4,0.29145777,90481.0,0.03737676,90480.9,0.06100428,90480.6,1e-05,90478.0,0.012,90481.5,0.00230433,1
1763567174.736324,1763567175109,90481.5,0.11310891,90482.0,0.012,90483.0,0.012,90483.7,0.02920607,90483.9,0.00080023,90481.4,0.20655169,90481.0,0.012,90480.9,0.06100428,90480.6,1e-05,90479.0,0.012,90481.5,0.00230433,1
1763567174.834348,1763567175209,90481.5,0.24498699,90482.0,0.012,90482.8,0.00899228,90483.0,0.012,90483.5,0.00925779,90481.4,0.00107169,90480.9,0.06100428,90480.6,1e-05,90479.0,0.012,90478.0,0.012,90481.5,0.00230433,1
1763567174.935646,1763567175309,90481.5,0.11693672,90482.0,0.012,90483.0,0.012,90483.6,0.03490057,90483.7,0.02920607,90481.4,0.19170859,90481.0,0.012,90480.6,1e-05,90480.0,0.012,90479.6,0.0635,90481.5,0.00230433,1
1763567175.034241,1763567175409,90481.5,0.11693672,90482.0,0.012,90483.0,0.012,90483.6,0.03490057,90483.7,0.02920607,90481.4,0.12140859,90481.0,0.012,90480.6,1e-05,90480.0,0.012,90479.6,0.0635,90481.5,0.00230433,1
1763567175.134318,1763567175509,90481.5,0.12325586,90482.0,0.012,90482.8,0.00885461,90483.0,0.012,90483.4,0.00908275,90481.4,0.114,90481.0,0.012,90480.6,1e-05,90480.0,0.012,90479.6,0.0635,90481.5,0.00230433,1
1763567175.234026,1763567175609,90481.5,0.13704346,90482.0,0.012,90483.0,0.012,90483.4,0.00900216,90483.6,0.03490057,90481.4,0.18386074,90481.0,0.012,90480.6,1e-05,90480.0,0.012,90479.6,0.0635,90481.4,0.00021926,-1
1763567175.3347871,1763567175709,90481.5,0.20451836,90482.0,0.012,90483.0,0.012,90483.4,0.00900216,90483.6,0.03490057,90481.4,0.09856074,90480.6,1e-05,90480.0,0.012,90479.6,0.0635,90479.0,0.012,90481.4,0.00021926,-1
1763567175.436233,1763567175809,90481.5,0.14453672,90482.0,0.012,90483.0,0.012,90483.4,0.00900216,90483.6,0.03490057,90481.4,0.16886074,90481.0,0.012,90480.6,1e-05,90480.0,0.012,90479.6,0.0635,90481.4,0.00021926,-1
1763567175.5360022,1763567175909,90481.5,0.16938672,90482.0,0.012,90483.0,0.012,90483.6,0.03490057,90483.7,0.02920607,90481.4,0.17619074,90481.0,0.012,90480.6,1e-05,90480.0,0.012,90479.6,0.0635,90481.4,0.00021926,-1
1763567175.6349592,1763567176009,90481.5,0.18115794,90482.0,0.012,90483.0,0.012,90483.4,0.0088083,90483.6,0.03490057,90481.4,0.09856074,90481.0,0.012,90480.6,1e-05,90480.0,0.012,90479.6,0.0635,90481.4,0.00021926,-1
1763567175.736737,1763567176109,90481.5,0.02948444,90483.0,0.012,90483.7,0.02920607,90483.9,0.00080023,90484.0,0.01201,90481.4,0.29920307,90481.0,0.012,90480.6,1e-05,90480.0,0.012,90479.7,0.04107539,90481.4,0.00021926,-1
1763567175.838403,1763567176209,90481.5,0.02948444,90482.0,0.0114,90483.0,0.012,90483.7,0.02920607,90483.9,0.00080023,90481.4,0.19920307,90481.0,0.012,90480.6,1e-05,90480.0,0.012,90479.7,0.03068635,90481.4,0.00021926,-1
1763567175.9338481,1763567176309,90483.7,0.10285019,90483.9,0.00080023,90484.0,0.01141,90484.1,0.00080031,90484.3,0.00080034,90483.6,0.67837358,90481.6,0.11743016,90481.4,0.10056074,90481.0,0.112,90480.6,1e-05,90481.5,0.00102257,1
1763567176.034501,1763567176409,90483.7,0.12059257,90483.8,7.7e-05,90483.9,0.00087723,90484.0,0.011487,90484.1,0.00087731,90483.6,0.35081,90481.4,0.00056074,90481.0,0.012,90480.6,1e-05,90480.0,0.012,90481.5,0.00102257,1
1763567176.134617,1763567176509,90483.7,0.12059257,90483.8,7.7e-05,90483.9,0.00087723,90484.0,0.011487,90484.1,0.00087731,90483.6,0.35828528,90481.4,0.00056074,90481.0,0.012,90480.6,1e-05,90480.0,0.012,90481.5,0.00102257,1
1763567176.23492,1763567176609,90483.7,0.12059257,90483.8,7.7e-05,90483.9,0.00087723,90484.0,0.011487,90484.1,0.00087731,90483.6,0.28051,90481.4,0.00056074,90481.0,0.012,90480.6,1e-05,90480.0,0.012,90481.5,0.00102257,1
1763567176.334118,1763567176709,90483.7,0.12059257,90483.8,7.7e-05,90483.9,0.00087723,90484.0,0.011487,90484.1,0.00087731,90483.6,0.1503357,90481.4,0.00056074,90481.0,0.012,90480.6,1e-05,90480.0,0.012,90481.5,0.00102257,1
1763567176.4344692,1763567176809,90481.5,0.43961084,90482.0,0.0114,90483.6,0.04572665,90483.7,0.02928307,90483.8,7.7e-05,90481.4,0.00056074,90480.6,1e-05,90480.0,0.0114,90479.6,0.0635,90479.1,7.7e-05,90481.5,0.00102257,1
1763567176.534487,1763567176909,90481.5,0.29168068,90482.0,0.0114,90483.7,0.02928307,90483.8,7.7e-05,90483.9,0.00087723,90481.4,0.16886074,90481.0,0.0114,90480.6,1e-05,90480.0,0.0114,90479.7,0.03101622,90481.5,0.00102257,1
1763567176.633124,1763567177009,90481.5,0.29782196,90482.0,0.0114,90483.7,0.02928307,90483.8,7.7e-05,90483.9,0.00087723,90481.4,0.09856074,90481.0,0.0114,90480.6,1e-05,90480.0,0.0114,90479.6,0.0635,90481.5,0.00102257,1
1763567176.734231,1763567177109,90481.5,0.29781452,90482.0,0.0114,90483.7,0.02928307,90483.8,7.7e-05,90483.9,0.00087723,90481.4,0.16886074,90481.0,0.0114,90480.6,1e-05,90480.0,0.0114,90479.6,0.0635,90481.5,0.00102257,1
1763567176.834698,1763567177209,90481.5,0.29168068,90482.0,0.0114,90483.7,0.02928307,90483.8,7.7e-05,90483.9,0.00087723,90481.4,0.15836134,90481.0,0.0114,90480.6,1e-05,90480.0,0.0114,90479.6,0.0635,90481.4,0.0104994,-1
1763567176.9338439,1763567177309,90481.5,0.22484723,90482.0,0.0114,90483.7,0.02928307,90483.8,7.7e-05,90483.9,0.00087723,90481.4,0.15836134,90481.0,0.0114,90480.6,1e-05,90480.0,0.0114,90479.6,0.0635,90481.4,0.0104994,-1
1763567177.1367838,1763567177509,90481.5,0.13581185,90482.0,0.0114,90483.0,0.0114,90483.7,0.02928307,90483.8,7.7e-05,90481.4,0.15836134,90481.0,0.0114,90480.6,1e-05,90480.0,0.0114,90479.6,0.0635,90481.4,0.0104994,-1
1763567177.235273,1763567177609,90480.7,0.26635251,90481.0,0.0114,90481.5,0.02880279,90482.0,0.0114,90483.0,0.0114,90480.6,0.12181074,90480.0,0.0114,90479.1,7.7e-05,90479.0,0.011477,90478.9,7.7e-05,90480.6,1.106e-05,-1
1763567177.334553,1763567177709,90480.7,0.27376032,90481.0,0.0114,90481.5,0.02880279,90482.0,0.0114,90483.0,0.0114,90480.6,0.13681074,90480.0,0.0114,90479.1,7.7e-05,90479.0,0.011477,90478.9,7.7e-05,90480.6,1.106e-05,-1
1763567177.436651,1763567177809,90480.7,0.27376032,90481.0,0.0114,90481.5,0.02880279,90482.0,0.0114,90483.0,0.0114,90480.6,0.13681074,90480.0,0.0114,90479.2,0.0043386,90479.1,7.7e-05,90479.0,0.011477,90480.6,1.106e-05,-1
1763567177.5341198,1763567177909,90480.7,0.19467473,90481.0,0.0114,90481.5,0.02880279,90482.0,0.0114,90483.0,0.0114,90480.6,0.14413912,90480.0,0.0114,90479.3,0.01612513,90479.2,0.0043386,90479.1,7.7e-05,90480.6,1.106e-05,-1
1763567177.634287,1763567178009,90480.7,0.18125342,90481.0,0.0114,90481.5,0.02880279,90482.0,0.0114,90483.0,0.0114,90480.6,0.14413912,90480.0,0.0114,90479.2,0.0043386,90479.1,7.7e-05,90479.0,0.011477,90480.6,1.106e-05,-1
1763567177.7350268,1763567178109,90480.7,0.00506024,90481.0,0.0114,90481.5,0.02880279,90482.0,0.0114,90483.0,0.0114,90480.6,0.24677426,90480.0,0.0114,90479.3,0.01612513,90479.2,0.0043386,90479.1,7.7e-05,90480.6,1.106e-05,-1
1763567177.834663,1763567178209,90480.7,0.00596024,90481.5,0.02880279,90482.0,0.0114,90483.0,0.0114,90483.7,0.02928307,90480.6,0.28453111,90480.0,0.0114,90479.3,0.01612513,90479.2,0.0043386,90479.1,7.7e-05,90480.6,1.106e-05,-1
1763567177.935908,1763567178309,90483.6,7.781e-05,90483.7,0.00087711,90483.8,7.7e-05,90483.9,0.00087723,90484.0,8.7e-05,90481.5,0.00015498,90481.4,0.7399828,90481.0,0.0114,90480.8,0.26252208,90480.7,0.07378949,90481.5,0.001,1
1763567178.033993,1763567178409,90487.3,0.00087691,90487.4,7.7e-05,90487.5,0.00087671,90487.6,7.7e-05,90487.7,0.00087679,90487.2,0.69901487,90487.1,0.1,90487.0,0.88300155,90486.9,0.03594629,90486.7,0.00022112,90487.2,7.7e-05,1
1763567178.137183,1763567178509,90487.3,0.06987691,90487.4,7.7e-05,90487.5,0.00087671,90487.6,7.7e-05,90487.7,0.00087679,90487.2,0.32156088,90487.1,0.39602201,90487.0,0.0234,90486.7,0.00022112,90486.6,0.001,90487.2,7.7e-05,1
1763567178.2355468,1763567178609,90487.3,0.07257084,90487.4,7.7e-05,90487.5,0.00087671,90487.6,7.7e-05,90487.7,0.00087679,90487.2,0.30271088,90487.1,0.21306889,90487.0,0.0234,90486.7,0.00022112,90486.6,0.001,90487.2,7.7e-05,1
1763567178.333885,1763567178709,90487.3,0.20650622,90487.4,7.7e-05,90487.5,0.00087671,90487.6,7.7e-05,90487.7,0.00087679,90487.2,0.26468781,90487.1,0.06957011,90487.0,0.0234,90486.7,0.00022112,90486.6,0.001,90487.2,7.7e-05,1
1763567178.4394822,1763567178809,90487.3,0.19450622,90487.4,7.7e-05,90487.5,0.00087671,90487.6,7.7e-05,90487.7,0.00087679,90487.2,0.26499126,90487.1,0.06957011,90487.0,0.0114,90486.7,0.00022112,90486.6,0.001,90487.2,7.7e-05,1
1763567178.5368052,1763567178909,90487.3,0.09650622,90487.4,7.7e-05,90487.5,0.00087671,90487.6,7.7e-05,90487.7,0.00087679,90487.2,0.27297871,90487.1,0.06957011,90487.0,0.0114,90486.7,0.00022112,90486.6,0.001,90487.2,7.7e-05,1
1763567178.63521,1763567179009,90487.3,0.10127461,90487.4,7.7e-05,90487.5,0.00087671,90487.6,7.7e-05,90487.7,0.00087679,90487.2,0.27297871,90487.1,0.06972411,90487.0,0.011477,90486.9,7.7e-05,90486.8,7.7e-05,90487.2,7.7e-05,1
1763567178.735151,1763567179109,90487.3,0.12266962,90487.4,7.7e-05,90487.5,0.00087671,90487.6,7.7e-05,90487.7,0.00087679,90487.2,0.265528,90487.1,0.06705829,90487.0,0.011477,90486.9,7.7e-05,90486.8,7.7e-05,90487.2,7.7e-05,1
1763567178.834042,1763567179209,90487.3,0.0957453,90487.4,7.7e-05,90487.5,0.00087671,90487.6,7.7e-05,90487.7,0.00087679,90487.2,0.27958481,90487.1,0.06705829,90487.0,0.011477,90486.9,7.7e-05,90486.8,7.7e-05,90487.2,7.7e-05,1
1763567179.036051,1763567179409,90487.3,0.19992825,90487.4,7.7e-05,90487.5,0.00087671,90487.6,7.7e-05,90487.7,0.00087679,90487.2,0.08169126,90487.1,0.000154,90487.0,7.7e-05,90486.9,7.7e-05,90486.8,7.7e-05,90487.2,7.7e-05,1
1763567179.1375701,1763567179509,90478.7,0.22286269,90478.8,0.16030675,90479.0,0.0114,90479.1,0.03125162,90479.8,0.03012985,90478.6,0.00115481,90478.5,0.00087669,90478.4,7.7e-05,90478.3,0.00087663,90478.2,7.7e-05,90478.7,0.00087678,-1
1763567179.234768,1763567179609,90478.7,0.15200789,90478.8,0.02172527,90479.0,0.0114,90479.1,0.03125162,90479.8,0.03012985,90478.6,0.11405481,90478.5,0.00087669,90478.4,7.7e-05,90478.3,0.00087663,90478.2,7.7e-05,90478.7,0.00087678,-1
1763567179.335084,1763567179709,90478.6,0.66043097,90478.7,0.1202,90478.8,0.07426666,90479.0,0.0114,90479.1,0.03125162,90478.5,0.0009545,90478.4,7.7e-05,90478.3,0.00087663,90478.2,7.7e-05,90478.1,0.00087688,90478.6,0.00015481,-1
1763567179.4351969,1763567179809,90478.6,1.00254297,90478.7,0.001,90478.8,0.07426666,90479.0,0.0114,90479.1,0.03125162,90478.5,0.00095204,90478.4,7.7e-05,90478.3,0.00087663,90478.2,7.7e-05,90478.1,0.00087688,90478.6,0.00015481,-1
1763567179.533906,1763567179909,90478.6,0.61637201,90478.7,0.001,90478.8,0.07426666,90479.0,0.0114,90479.1,0.03125162,90478.5,0.00079344,90478.4,7.7e-05,90478.3,0.00087663,90478.2,7.7e-05,90478.1,0.00087688,90478.5,0.0001586,-1
1763567179.63418,1763567180009,90478.6,0.64666617,90478.7,0.001,90478.8,0.07426666,90479.0,0.0114,90479.1,0.03125162,90478.5,0.00079344,90478.4,7.7e-05,90478.3,0.00087663,90478.2,7.7e-05,90478.1,0.00087688,90478.5,0.0001586,-1
1763567179.7344692,1763567180109,90475.4,0.04831,90475.5,0.35168318,90475.6,0.41003281,90475.7,0.25372616,90475.8,0.1139,90475.2,7.7e-05,90475.1,0.00087757,90475.0,0.00061619,90474.9,0.0008774,90474.8,7.7e-05,90475.3,0.00087722,-1
1763567179.835657,1763567180209,90459.0,0.67172323,90459.1,0.06728252,90459.8,0.03823796,90463.5,1e-05,90464.7,0.03445067,90458.9,0.00083784,90458.7,0.00080034,90458.5,0.00080021,90458.3,0.00080021,90458.1,0.00080016,90459.0,1e-05,-1
1763567179.935405,1763567180309,90458.8,0.40404084,90458.9,0.10302578,90459.0,0.07546535,90459.4,0.16286123,90460.6,0.001,90458.7,0.00150445,90458.5,0.00080021,90458.3,0.00080021,90458.1,0.00080016,90457.9,0.00080009,90458.9,0.00038589,-1
1763567180.034983,1763567180409,90457.6,0.28857803,90458.0,0.0114,90458.3,0.04100188,90458.5,0.12070988,90459.0,0.05628347,90457.5,0.00080002,90457.3,0.00079932,90457.1,0.0010205,90456.9,0.00079957,90456.7,0.00079952,90457.7,0.00079993,-1
1763567180.1341639,1763567180509,90456.0,0.15693299,90456.1,0.05087451,90456.2,0.06758784,90457.2,0.06540289,90458.0,0.0114,90455.9,0.0007994,90455.7,0.00079979,90455.5,0.00079971,90455.3,0.00079991,90455.1,0.00079988,90456.1,0.00079961,-1
1763567180.235085,1763567180609,90456.0,0.28755183,90456.2,0.06758784,90457.2,0.06540289,90457.6,0.00836382,90457.8,0.00841979,90455.9,0.0007994,90455.7,0.00079979,90455.5,0.00079971,90455.3,0.00079991,90455.1,0.00079988,90456.1,0.00079961,-1
1763567180.335565,1763567180709,90455.8,0.46486085,90455.9,0.20518246,90456.0,0.35635337,90456.1,0.07102515,90457.2,0.06540289,90455.7,0.00079979,90455.5,0.00079971,90455.3,0.00079991,90455.1,0.00079988,90454.9,0.00079985,90455.9,0.00036267,-1
1763567180.4348109,1763567180809,90455.8,0.48196688,90455.9,0.02716419,90456.0,0.0114,90457.1,0.02932136,90457.2,0.02716381,90455.7,0.00079979,90455.5,0.00079971,90455.3,0.00079991,90455.1,0.00079988,90454.9,0.00079985,90455.9,0.00036267,-1
1763567180.535188,1763567180909,90455.8,0.44816831,90455.9,0.02716419,90456.0,0.0114,90457.1,0.02932136,90457.2,0.02716381,90455.7,0.03917276,90455.5,0.00079971,90455.3,0.00079991,90455.1,0.00079988,90455.0,0.0114,90455.9,0.00036267,-1
1763567180.634321,1763567181009,90455.8,0.4592817,90455.9,0.02716419,90456.0,0.0114,90457.1,0.02932136,90457.2,0.02716381,90455.7,0.06417276,90455.5,0.00079971,90455.3,0.00079991,90455.1,0.00079988,90454.9,0.00079985,90455.9,0.00036267,-1
1763567180.834181,1763567181209,90455.8,0.47408371,90455.9,0.02716419,90456.0,0.0114,90456.9,0.00884932,90457.1,0.02932136,90455.7,0.05672485,90455.5,0.00079971,90455.3,0.00079991,90455.1,0.00079988,90454.9,0.00079985,90455.8,0.00123,1
1763567180.9346292,1763567181309,90455.8,0.47408371,90455.9,0.02716419,90456.0,0.0114,90456.9,0.00894161,90457.1,0.02932136,90455.7,0.05672485,90455.5,0.00079971,90455.3,0.00079991,90455.1,0.00079988,90455.0,0.0114,90455.8,0.00123,1
1763567181.0340219,1763567181409,90455.8,0.63993371,90455.9,0.02716419,90456.0,0.0114,90457.1,0.02932136,90457.2,0.02716381,90455.7,0.05672485,90455.5,0.00079971,90455.3,0.00079991,90455.1,0.00079988,90454.9,0.00079985,90455.8,0.00123,1
1763567181.2344031,1763567181609,90455.8,0.63993371,90455.9,0.02716419,90456.0,0.0114,90457.1,0.02932136,90457.2,0.02716381,90455.7,0.07672485,90455.5,0.00079971,90455.3,0.00079991,90455.1,0.00079988,90455.0,0.0114,90455.8,0.00123,1
1763567181.334753,1763567181709,90455.8,0.10302782,90459.0,0.00155079,90460.6,0.001,90461.5,7.7e-05,90461.6,7.7e-05,90455.7,0.30702589,90455.5,0.00079971,90455.3,0.00079991,90455.1,0.00079988,90455.0,0.0114,90455.8,0.00123,1
1763567181.437155,1763567181809,90459.0,1.702e-05,90460.4,0.001,90460.6,0.001,90461.5,7.7e-05,90461.6,7.7e-05,90458.9,0.90054987,90458.0,0.0114,90457.4,0.03497153,90457.3,0.1192,90456.6,0.05383887,90459.0,0.00055079,1
1763567181.542411,1763567181909,90463.7,0.00089628,90463.8,7.7e-05,90463.9,0.0008764,90464.0,7.7e-05,90464.1,0.00087661,90463.6,0.62498461,90463.5,0.1598876,90463.1,0.00733,90463.0,0.0114,90462.0,0.0114,90463.6,5.07e-05,1
1763567181.634939,1763567182009,90463.7,0.00089628,90463.8,7.7e-05,90463.9,0.0008764,90464.0,7.7e-05,90464.1,0.00087661,90463.6,0.75098461,90463.5,0.1598876,90463.1,0.00733,90463.0,0.0114,90462.0,0.0114,90463.6,5.07e-05,1
1763567181.7354538,1763567182109,90466.1,0.00087716,90466.2,7.7e-05,90466.3,0.00087721,90466.4,7.7e-05,90466.5,0.00087721,90466.0,0.71245674,90465.9,0.16844923,90465.8,0.42021556,90465.7,0.16340862,90465.6,0.15515629,90466.0,0.005,-1
1763567181.8387609,1763567182209,90475.1,0.00087757,90475.2,0.00164795,90475.3,0.00087722,90475.4,7.7e-05,90475.5,0.00087722,90475.0,0.58930829,90474.9,0.1,90474.8,0.00050173,90474.7,0.17713791,90474.6,0.13899734,90475.0,7.7e-05,1
1763567181.93664,1763567182309,90478.9,0.00087685,90479.0,7.7e-05,90479.1,0.00087688,90479.3,0.00079991,90479.4,0.001,90478.8,0.83266832,90478.5,0.00022112,90478.3,0.00050173,90478.2,0.1,90478.1,0.16339993,90478.8,0.005,-1
1763567182.037149,1763567182409,90478.9,0.00087685,90479.0,7.7e-05,90479.1,0.00087688,90479.3,0.00079991,90479.5,0.00079971,90478.8,0.59107449,90478.5,0.00022112,90478.4,0.00050173,90478.3,0.24456443,90478.0,0.0114,90478.8,0.005,-1
1763567182.135941,1763567182509,90478.9,0.23765128,90479.0,0.011477,90479.1,0.00087688,90479.3,0.00079991,90479.5,0.00079971,90478.8,0.11711282,90476.0,0.0114,90475.0,0.01241,90473.1,0.001,90472.2,0.00022112,90478.9,2e-05,1
1763567182.236191,1763567182609,90476.7,0.12986668,90477.0,1e-05,90478.6,0.01048635,90478.9,0.00185685,90479.0,0.011477,90476.6,0.11721283,90476.0,0.0114,90475.7,7.7e-05,90475.6,7.7e-05,90475.5,7.7e-05,90478.8,7.781e-05,-1
1763567182.3370738,1763567182709,90476.1,0.06813,90477.0,0.01141,90477.9,0.03778547,90478.0,0.0114,90478.9,0.00185685,90476.0,0.19538469,90475.7,7.7e-05,90475.6,7.7e-05,90475.5,7.7e-05,90475.4,7.7e-05,90476.6,7.782e-05,-1
1763567182.433762,1763567182809,90476.1,0.26263104,90477.0,0.01141,90477.9,0.03778547,90478.0,0.0114,90478.9,0.00185685,90476.0,7.782e-05,90475.7,7.7e-05,90475.6,7.7e-05,90475.5,7.7e-05,90475.4,7.7e-05,90476.1,0.00054,1
1763567182.534304,1763567182909,90473.1,0.22198747,90474.0,0.0114,90474.7,0.00733,90474.9,0.03034833,90475.0,0.0114,90473.0,0.17981745,90472.9,7.7e-05,90472.8,7.7e-05,90472.7,7.7e-05,90472.6,7.7e-05,90473.1,0.00077039,1
1763567182.635652,1763567183009,90473.1,0.22198747,90474.0,0.0114,90474.7,0.00733,90474.9,0.03034833,90475.0,0.04918667,90473.0,0.11669303,90472.9,7.7e-05,90472.8,7.7e-05,90472.7,7.7e-05,90472.6,7.7e-05,90473.1,0.00077039,1
1763567182.735882,1763567183109,90473.1,0.473777,90474.0,0.0114,90474.7,0.00733,90474.8,0.04240376,90474.9,0.03034833,90473.0,0.02272126,90472.9,7.7e-05,90472.8,7.7e-05,90472.7,7.7e-05,90472.6,7.7e-05,90473.0,0.00079287,-1
1763567182.83549,1763567183209,90473.1,0.22967446,90474.0,0.0114,90474.7,0.00733,90474.8,0.03054998,90474.9,0.03034833,90473.0,0.34304062,90472.9,7.7e-05,90472.8,7.7e-05,90472.7,7.7e-05,90472.6,7.7e-05,90473.0,0.00079287,-1
1763567182.9361,1763567183309,90474.0,0.0368,90475.0,0.0114,90475.3,7.7e-05,90475.4,7.7e-05,90475.5,7.7e-05,90473.9,0.35993559,90473.0,0.0364,90472.9,7.7e-05,90472.8,7.7e-05,90472.7,7.7e-05,90473.1,0.016,1
1763567183.037523,1763567183409,90474.0,0.10558593,90475.0,0.0114,90475.2,0.001,90475.3,0.00931384,90475.4,7.7e-05,90473.9,0.19105559,90473.0,0.0114,90472.9,7.7e-05,90472.8,7.7e-05,90472.7,7.7e-05,90473.1,0.016,1
1763567183.1358662,1763567183509,90470.9,0.48270082,90471.0,0.0114,90471.1,0.97244763,90471.2,0.06684312,90471.3,0.09305433,90470.8,0.001077,90470.7,0.00087678,90470.6,7.7e-05,90470.5,0.00087669,90470.4,7.7e-05,90470.9,7.7e-05,-1
1763567183.2343712,1763567183609,90470.8,1.42028145,90470.9,0.05311112,90471.0,0.34657633,90471.3,0.09305433,90472.0,0.0114,90470.7,0.01587678,90470.6,7.7e-05,90470.5,0.00087669,90470.4,7.7e-05,90470.3,0.00087663,90470.8,7.7e-05,-1
1763567183.3349729,1763567183709,90470.6,0.38145185,90470.7,0.34640693,90470.8,0.71272511,90471.0,0.0114,90471.2,0.05526648,90470.5,0.00087669,90470.4,7.7e-05,90470.3,0.00087663,90470.2,7.7e-05,90470.1,0.00087688,90470.6,7.7e-05,-1
1763567183.4365718,1763567183809,90459.0,0.10807124,90460.4,0.0467,90460.5,0.04750029,90460.7,0.00080011,90461.0,0.0008,90458.9,0.2421582,90458.0,0.0114,90455.4,1e-05,90453.3,0.00528338,90453.2,0.18947134,90459.0,1.106e-05,1
1763567183.537014,1763567183909,90460.5,0.04000029,90460.7,0.00080011,90461.0,0.0008,90461.2,0.00079975,90461.4,0.00079969,90460.4,0.32053125,90459.0,0.06727899,90458.9,0.1,90458.0,0.1114,90455.4,1e-05,90459.0,0.00191467,1
1763567183.635238,1763567184009,90460.5,0.12001406,90460.7,0.00080011,90461.0,0.0122,90461.2,0.00079975,90461.3,0.01755156,90460.4,0.18857909,90460.0,0.0114,90459.0,0.0114,90458.0,0.0114,90456.2,0.001,90460.4,0.00713701,-1
1763567183.733844,1763567184109,90460.5,0.12001406,90460.7,0.00080011,90461.0,0.0122,90461.2,0.00079975,90461.3,0.01755156,90460.4,0.16338826,90460.0,0.0114,90459.0,0.0114,90458.0,0.0114,90456.2,0.001,90460.4,0.00713701,-1
1763567183.835376,1763567184209,90460.5,0.00170029,90460.7,0.00080011,90461.0,0.0122,90461.2,0.00079975,90461.4,0.00079969,90460.4,0.16338826,90460.0,0.0114,90459.0,0.0114,90458.0,0.0114,90456.2,0.001,90460.4,0.00713701,-1
1763567183.936523,1763567184309,90460.5,0.10879866,90460.7,0.00080011,90461.0,0.04384157,90461.2,0.00079975,90461.4,0.00079969,90460.4,0.17525826,90460.0,0.0114,90459.0,0.0114,90458.0,0.0114,90456.2,0.001,90460.4,0.00713701,-1
1763567184.034944,1763567184409,90460.5,0.109372,90460.7,0.00080011,90461.0,0.04384157,90461.2,0.00079975,90461.4,0.00079969,90460.4,0.08095826,90459.0,0.0114,90458.0,0.0114,90456.2,0.001,90455.4,1e-05,90460.5,0.00110545,1
1763567184.136713,1763567184509,90460.5,0.109372,90460.7,0.00080011,90461.0,0.04384157,90461.2,0.00079975,90461.4,0.00079969,90460.4,0.16230351,90460.0,0.0114,90459.0,0.0114,90458.0,0.0114,90456.2,0.001,90460.5,0.00110545,1
1763567184.234221,1763567184609,90460.5,0.107872,90460.7,0.00080011,90461.0,0.04384157,90461.2,0.00079975,90461.4,0.00079969,90460.4,0.16230351,90460.0,0.0114,90459.0,0.0114,90458.0,0.0114,90456.2,0.001,90460.5,0.00110545,1
1763567184.338263,1763567184709,90460.5,0.18463102,90460.7,0.00080011,90461.0,0.04384157,90461.2,0.00079975,90461.4,0.00079969,90460.4,0.05842325,90456.2,0.001,90455.4,1e-05,90452.5,0.00080029,90452.3,0.00041057,90460.5,0.00110545,1
1763567184.436661,1763567184809,90460.5,0.54305274,90460.7,0.00080011,90460.9,0.14608529,90461.0,0.04384157,90461.2,0.00079975,90460.4,0.05840616,90456.2,0.001,90455.4,1e-05,90452.5,0.00080029,90452.3,0.00041057,90460.5,0.00110545,1
1763567184.537772,1763567184909,90452.6,0.41882178,90453.0,0.0114,90454.6,0.03053945,90455.0,1e-05,90455.1,0.00043756,90452.5,0.00081449,90452.3,0.00041057,90452.1,0.00080031,90451.9,0.00080023,90451.7,0.00080011,90455.4,6.82e-06,-1
1763567184.6338198,1763567185009,90452.6,0.2338846,90453.0,0.0114,90453.8,0.00908325,90454.0,0.00914461,90454.1,0.03577592,90452.5,0.01670029,90452.3,0.00041057,90452.1,0.00081468,90452.0,0.0114,90451.9,0.00080023,90455.4,6.82e-06,-1
1763567184.735431,1763567185109,90452.6,0.23252269,90453.0,0.0114,90453.9,0.00906833,90454.1,0.0510481,90454.6,0.06218324,90452.5,0.00163027,90452.3,0.00041057,90452.1,0.00080031,90452.0,0.0114,90451.9,0.00080023,90452.5,1.439e-05,-1
1763567184.835753,1763567185209,90452.6,0.07201677,90453.0,0.0114,90454.0,0.0114,90454.6,0.03053945,90455.0,0.01141,90452.5,0.20832074,90452.3,0.00041057,90452.1,0.00080031,90452.0,0.0114,90451.9,0.00080023,90452.5,0.00012753,-1
1763567184.935906,1763567185309,90452.6,0.09349703,90453.0,0.0114,90454.0,0.0114,90455.0,0.01141,90455.8,0.001,90452.5,0.1371351,90452.3,0.00041057,90452.1,0.00080031,90452.0,0.0114,90451.9,0.00080023,90452.5,0.00012753,-1
1763567185.03439,1763567185409,90452.6,0.12833654,90453.0,0.0114,90454.0,0.0114,90455.0,0.01141,90455.7,0.00932346,90452.5,0.0166851,90452.3,0.00041057,90452.1,0.00080031,90452.0,0.0114,90451.9,0.00080023,90452.6,0.00044201,1
1763567185.134871,1763567185509,90452.6,0.14213654,90453.0,0.0114,90454.0,0.0114,90455.0,0.01141,90455.6,0.05152156,90452.5,0.03167074,90452.3,0.00041057,90452.1,0.00080031,90452.0,0.0114,90451.9,0.00080023,90452.6,0.00044201,1
1763567185.235918,1763567185609,90452.6,0.15591702,90453.0,0.0114,90454.0,0.0114,90455.0,0.01141,90455.6,0.05152156,90452.5,0.03720575,90452.3,0.00041057,90452.1,0.00080031,90452.0,0.0114,90451.9,0.00080023,90452.6,0.00044201,1
1763567185.3350341,1763567185709,90452.6,0.15591332,90453.0,0.0114,90454.0,0.0114,90455.0,0.01141,90455.6,0.05152156,90452.5,0.07794076,90452.3,0.00041057,90452.1,0.00080031,90452.0,0.0114,90451.9,0.00080023,90452.6,0.00044201,1
1763567185.434719,1763567185809,90452.6,0.14928502,90453.0,0.0114,90454.0,0.0114,90454.7,0.00874156,90454.9,0.04016955,90452.5,0.16824076,90452.3,0.00041057,90452.1,0.00080031,90452.0,0.0114,90451.9,0.00080023,90452.6,0.00044201,1
1763567185.5365171,1763567185909,90452.6,0.13225502,90453.0,0.0114,90454.0,0.0114,90455.0,0.01141,90455.8,0.001,90452.5,0.17557076,90452.3,0.00041057,90452.1,0.00080031,90452.0,0.0114,90451.9,0.00080023,90452.6,0.00044201,1
1763567185.637515,1763567186009,90452.6,0.13885944,90453.0,0.0114,90454.0,0.0114,90454.9,0.04064051,90455.0,0.01141,90452.5,0.17282102,90452.3,0.00041057,90452.1,0.00080031,90452.0,0.0114,90451.9,0.00080023,90452.6,0.00044201,1
1763567185.7358148,1763567186109,90452.6,0.14605502,90453.0,0.0114,90453.7,0.03164411,90454.0,0.0114,90454.9,0.04064051,90452.5,0.17340102,90452.3,0.00041057,90452.1,0.00080031,90452.0,0.0114,90451.9,0.00080023,90452.6,0.00044201,1
1763567185.8355389,1763567186209,90452.6,0.07157476,90453.0,0.0114,90453.7,0.03164411,90454.0,0.0114,90455.0,0.01141,90452.5,0.17340102,90452.3,0.00041057,90452.1,0.00080031,90452.0,0.0114,90451.9,0.00080023,90452.6,0.00044201,1
1763567185.9342878,1763567186309,90452.6,0.10357476,90453.0,0.0114,90453.7,0.03164411,90454.0,0.0114,90455.0,0.01141,90452.5,0.1236981,90452.3,0.00041057,90452.1,0.00080031,90452.0,0.0108,90451.9,0.00080023,90452.6,0.00044201,1
1763567186.0355682,1763567186409,90452.6,0.18413583,90453.0,0.0114,90453.8,0.00813206,90454.0,0.0114,90454.2,0.05045572,90452.5,0.01667074,90452.3,0.00041057,90452.1,0.00080031,90451.9,0.00080023,90451.7,0.00080011,90452.6,0.00044201,1
1763567186.135272,1763567186509,90452.6,0.18413583,90453.0,0.0114,90453.8,0.00813206,90454.0,0.0114,90454.2,0.10086998,90452.5,0.01667074,90452.3,0.00041057,90452.1,0.00080031,90451.9,0.00080023,90451.7,0.00080011,90452.6,0.00044201,1
1763567186.23327,1763567186609,90452.6,0.18690571,90453.0,0.0114,90453.8,0.00813206,90454.0,0.0114,90454.2,0.10086998,90452.5,0.01667074,90452.3,0.00041057,90452.1,0.00080031,90451.9,0.00080023,90451.7,0.00080011,90452.6,0.00044201,1
1763567186.33465,1763567186709,90452.6,0.34613384,90453.0,0.0114,90453.6,0.04,90453.7,0.0082134,90453.9,0.00553102,90452.5,0.01667074,90452.3,0.00041057,90452.1,0.00080031,90451.9,0.00080023,90451.7,0.00080011,90452.6,0.00044201,1
1763567186.4352808,1763567186809,90452.6,0.34613384,90453.0,0.0114,90453.6,0.04,90453.7,0.0082134,90453.8,0.00828102,90452.5,0.01667074,90452.3,0.00041057,90452.1,0.00080031,90451.9,0.00080023,90451.7,0.00080011,90452.6,0.00044201,1
1763567186.533988,1763567186909,90452.6,0.16006208,90453.0,0.0114,90453.6,0.04,90453.7,0.0082134,90453.8,0.00828102,90452.5,0.01667074,90452.3,0.00041057,90452.1,0.00080031,90452.0,0.0108,90451.9,0.00080023,90452.6,0.00044201,1
1763567186.634945,1763567187009,90452.6,0.14525464,90453.0,0.0114,90453.7,0.0083388,90453.8,0.00836917,90454.0,0.0114,90452.5,0.17137573,90452.3,0.00041057,90452.1,0.00080031,90452.0,0.0108,90451.9,0.00080023,90452.6,0.00044201,1
1763567186.7343948,1763567187109,90452.6,0.04057784,90454.0,0.0108,90455.0,0.01081,90455.8,0.001,90455.9,0.022,90452.5,0.17905433,90452.3,0.00041057,90452.1,0.0132817,90452.0,0.0108,90451.9,0.00080023,90452.6,0.00044201,1
1763567186.835865,1763567187209,90452.6,0.00107784,90455.0,0.01081,90455.9,0.022,90456.0,0.0114,90457.8,0.16582,90452.5,0.24692609,90452.3,0.00041057,90452.1,0.0132817,90452.0,0.0108,90451.9,0.00080023,90452.6,0.00044201,1
1763567186.935379,1763567187309,90452.6,0.00107784,90455.0,0.01081,90455.9,0.022,90456.0,0.0114,90457.1,0.02693243,90452.5,0.18005433,90452.3,0.00041057,90452.1,0.0132817,90452.0,0.0108,90451.9,0.00080023,90452.6,0.00044201,1
1763567187.1359649,1763567187509,90452.6,0.00107784,90454.0,0.0108,90455.0,0.01081,90455.7,0.00528753,90455.9,0.022,90452.5,0.18005433,90452.3,0.00041057,90452.1,0.0132817,90452.0,0.0108,90451.9,0.00080023,90452.6,0.00044201,1
1763567187.233293,1763567187609,90452.6,0.00107784,90453.0,0.0108,90454.0,0.0108,90455.0,0.01081,90455.2,0.02693299,90452.5,0.17341573,90452.3,0.00041057,90452.1,0.0132817,90452.0,0.0108,90451.9,0.00080023,90452.6,0.00044201,1
1763567187.3341749,1763567187709,90455.9,0.06606244,90456.0,0.0114,90456.2,0.03510036,90457.0,0.0108,90458.0,0.0114,90455.8,0.54320933,90455.0,0.0108,90454.9,0.06867815,90454.0,0.0108,90452.5,0.12044072,90455.0,1e-05,1
1763567187.434252,1763567187809,90452.6,0.20090345,90453.0,0.17205283,90453.1,0.22042948,90454.0,0.0108,90455.0,0.03511081,90452.5,0.00437272,90452.3,0.00041057,90452.1,0.00080031,90452.0,0.0108,90451.9,0.00080023,90455.0,1e-05,1
1763567187.5354419,1763567187909,90452.6,0.02235168,90453.0,0.0108,90453.1,0.0269336,90454.0,0.0108,90455.0,0.04591081,90452.5,0.21205372,90452.3,0.00041057,90452.1,0.0132817,90452.0,0.0108,90451.9,0.00080023,90455.0,1e-05,1
1763567187.6347961,1763567188009,90452.6,0.08519851,90453.0,0.0108,90454.0,0.0108,90455.0,0.04591081,90456.0,0.0114,90452.5,0.21857798,90452.3,0.00041057,90452.1,0.0132817,90452.0,0.0108,90451.9,0.00080023,90455.0,1e-05,1
1763567187.7407901,1763567188109,90452.6,0.08512067,90453.0,0.0108,90454.0,0.0108,90454.9,7.784e-05,90455.0,0.04591081,90452.5,0.21860173,90452.3,0.00041057,90452.1,0.0132817,90452.0,0.0108,90451.9,0.00080023,90455.0,1e-05,1
1763567187.834076,1763567188209,90452.6,0.09492067,90453.0,0.0108,90454.0,0.0108,90454.9,7.784e-05,90455.0,0.04591081,90452.5,0.21207747,90452.3,0.00041057,90452.1,0.0132817,90452.0,0.0108,90451.9,0.00080023,90455.0,1e-05,1
1763567187.93424,1763567188309,90452.6,0.18145903,90453.0,0.0108,90454.0,0.0108,90454.7,0.00043756,90454.8,0.03359087,90452.5,0.03552372,90452.3,0.00041057,90452.1,0.00080031,90452.0,0.0108,90451.9,0.00080023,90455.0,1e-05,1
1763567188.0347872,1763567188409,90452.6,0.10478727,90453.0,0.0108,90453.8,0.00794515,90454.0,0.01879638,90454.2,0.0080359,90452.5,0.22110398,90452.3,0.00041057,90452.1,0.00080031,90452.0,0.0108,90451.9,0.00080023,90455.0,1e-05,1
1763567188.135079,1763567188509,90452.6,0.10368153,90453.0,0.0108,90453.8,0.00799921,90454.0,0.0108,90454.3,0.00816185,90452.5,0.06822372,90452.3,0.00041057,90452.1,0.00080031,90451.9,0.00080023,90451.7,0.00080011,90455.0,1e-05,1
1763567188.235262,1763567188609,90452.6,0.10368153,90453.0,0.0108,90453.8,0.00799921,90454.0,0.0108,90454.3,0.00816185,90452.5,0.06822372,90452.3,0.00041057,90452.1,0.00080031,90452.0,0.0108,90451.9,0.00080023,90455.0,1e-05,1
1763567188.334929,1763567188709,90452.6,0.10018243,90453.0,0.0108,90453.8,0.00799921,90454.0,0.0108,90454.3,0.00816185,90452.5,0.18983899,90452.3,0.00041057,90452.1,0.00080031,90452.0,0.0108,90451.9,0.00080023,90455.0,1e-05,1
1763567188.436388,1763567188809,90452.6,0.03159851,90455.0,0.04591081,90456.0,0.0114,90456.7,0.04,90457.0,0.0108,90452.5,0.19081899,90452.3,0.00041057,90452.1,0.00080031,90452.0,0.0108,90451.9,0.00080023,90455.0,1e-05,1
1763567188.534658,1763567188909,90452.6,0.14063352,90453.0,0.0103,90454.0,0.0103,90454.8,0.00811534,90455.0,0.04591081,90452.5,0.12051899,90452.3,0.00041057,90452.1,0.00080031,90452.0,0.0108,90451.9,0.00080023,90455.0,1e-05,1
1763567188.63468,1763567189009,90452.6,0.14733562,90453.0,0.0103,90454.0,0.0103,90454.8,0.00811534,90455.0,0.04591081,90452.5,0.16465873,90452.3,0.00041057,90452.1,0.00080031,90452.0,0.0108,90451.9,0.00080023,90455.0,1e-05,1
1763567188.735199,1763567189109,90452.6,0.14733562,90453.0,0.0103,90454.0,0.0103,90454.8,0.00811534,90455.0,0.04591081,90452.5,0.09435873,90452.3,0.00041057,90452.1,0.00080031,90452.0,0.0108,90451.9,0.00080023,90455.0,1e-05,1
1763567188.833886,1763567189209,90452.6,0.14733562,90453.0,0.0103,90454.0,0.0103,90454.8,0.00811534,90455.0,0.04591081,90452.5,0.06768372,90452.3,0.00041057,90452.1,0.00080031,90452.0,0.0108,90451.9,0.00080023,90452.5,0.00054,-1
1763567188.935307,1763567189309,90447.2,0.29999812,90447.3,0.02349812,90448.0,0.0103,90450.0,0.06842068,90451.0,0.0103,90447.1,0.1700235,90447.0,0.0103,90446.9,0.00079985,90446.8,1e-05,90446.7,0.00079978,90447.3,0.00079991,-1
1763567189.036989,1763567189409,90447.2,0.22858603,90448.0,0.0103,90449.0,0.0103,90449.8,0.00819144,90450.0,0.06843068,90447.1,0.09971991,90447.0,0.0103,90446.9,0.00079985,90446.8,1e-05,90446.7,0.00079978,90447.3,0.00079991,-1
1763567189.133929,1763567189509,90447.2,0.15828603,90448.0,0.0103,90449.0,0.0103,90449.8,0.00819144,90450.0,0.06843068,90447.1,0.17001991,90447.0,0.0103,90446.9,0.00079985,90446.8,1e-05,90446.7,0.00079978,90447.3,0.00079991,-1
1763567189.233407,1763567189609,90447.2,0.00637933,90450.0,1e-05,90450.1,0.03217946,90452.0,0.0103,90452.6,0.001,90447.1,0.19111759,90447.0,0.0103,90446.9,0.00079985,90446.8,1e-05,90446.7,0.00079978,90447.3,0.00079991,-1
1763567189.335994,1763567189709,90447.2,0.001,90450.0,1e-05,90452.6,0.001,90453.0,0.0103,90454.0,0.0103,90447.1,0.36110514,90447.0,0.1103,90446.9,0.00079985,90446.8,1e-05,90446.7,0.00079978,90447.3,0.00079991,-1
1763567189.434016,1763567189809,90450.0,0.11875728,90451.0,0.0103,90451.1,0.03217912,90452.0,0.0103,90452.6,0.00919126,90449.9,0.20834125,90449.0,0.0103,90447.2,0.0865444,90447.1,0.00383766,90447.0,0.0103,90450.0,1.106e-05,1
1763567189.535821,1763567189909,90452.6,0.001,90453.0,0.0103,90454.0,0.0103,90454.9,0.0272456,90455.0,0.01081,90452.5,0.57184792,90452.0,0.17631527,90451.9,0.27225188,90451.5,1e-05,90451.0,0.0103,90452.0,7.784e-05,1
1763567189.633396,1763567190009,90452.6,0.10417784,90452.8,0.0321785,90453.0,0.0103,90454.0,0.0103,90454.9,0.0272456,90452.5,0.41214981,90452.0,0.0103,90451.5,1e-05,90451.0,0.0103,90450.0,0.0103,90452.0,7.784e-05,1
1763567189.7407339,1763567190109,90452.6,0.12088892,90452.8,0.0321785,90453.0,0.0103,90454.0,0.0103,90454.8,0.07524821,90452.5,0.02803,90451.5,1e-05,90450.0,0.0103,90449.0,0.0103,90447.1,0.00359651,90452.0,7.784e-05,1
1763567189.8335192,1763567190209,90452.6,0.30705472,90452.8,0.0321785,90453.0,0.0103,90453.7,0.00553172,90453.8,0.00772304,90452.5,0.01303,90451.5,1e-05,90447.1,0.00259651,90447.0,0.0103,90446.9,0.00079985,90452.0,7.784e-05,1
1763567189.9359128,1763567190309,90447.2,0.30317542,90448.0,0.04376376,90450.0,1e-05,90451.2,0.00852282,90451.3,0.04285383,90447.1,0.00266451,90446.9,0.00079985,90446.8,1e-05,90446.7,0.00079978,90446.5,0.00079969,90452.0,7.784e-05,1
1763567190.051252,1763567190409,90433.4,0.06697084,90434.0,0.06697084,90434.2,0.1674271,90434.6,0.1674271,90434.8,0.03617235,90433.3,0.08580265,90433.2,2.598e-05,90433.1,0.00079938,90432.9,0.00107387,90432.7,0.00080952,90433.3,0.01845452,-1
1763567190.1358988,1763567190509,90430.4,0.18818958,90430.6,0.03312224,90431.6,0.00087513,90431.8,0.00733,90433.3,0.00553208,90430.3,0.19367545,90430.2,8.35e-05,90430.1,0.00117597,90430.0,1.19e-05,90429.9,0.00083091,90430.5,0.00079969,-1
1763567190.234563,1763567190609,90433.3,0.23971099,90433.4,0.001,90433.7,0.02319876,90433.8,0.03312107,90435.0,1e-05,90433.2,0.17465198,90430.3,0.00038492,90430.2,8.35e-05,90430.1,0.00117597,90430.0,1.19e-05,90433.2,0.00014802,-1
1763567190.3371499,1763567190709,90433.3,0.00268969,90433.4,0.001,90435.0,1e-05,90437.0,0.001,90438.5,0.00079969,90433.2,0.26039039,90433.0,0.0103,90432.7,1e-05,90430.3,0.00038492,90430.2,8.35e-05,90433.2,6.8e-05,-1
1763567190.50129,1763567190809,90433.3,0.00268969,90433.4,0.001,90435.0,1e-05,90436.8,0.00822379,90437.0,0.00695376,90433.2,0.20018123,90433.0,0.0103,90432.7,1e-05,90430.3,0.00038492,90430.2,8.35e-05,90433.2,6.8e-05,-1
1763567190.537889,1763567190909,90438.5,0.00087753,90438.7,0.00079978,90438.9,0.00079985,90439.1,0.00079988,90439.3,0.00079991,90438.4,0.97634727,90438.0,0.1103,90437.6,0.00022112,90437.1,0.00022112,90436.1,0.16286123,90435.0,1e-05,1
1763567190.635974,1763567191009,90440.1,0.00087745,90440.3,0.00079957,90440.5,0.00079943,90440.7,0.00079952,90440.9,0.00079957,90440.0,0.30543188,90439.9,0.1033739,90439.0,0.0103,90438.4,0.02312431,90438.0,0.1103,90439.9,0.0007994,1
1763567190.734286,1763567191109,90440.1,0.11350292,90440.3,0.00079957,90440.5,0.00079943,90440.7,0.00079952,90440.9,0.00079957,90440.0,0.13476184,90439.9,0.012,90439.0,0.0103,90438.4,0.00376431,90438.0,0.0103,90439.9,0.0007994,1
1763567190.834362,1763567191209,90440.1,0.11350292,90440.3,0.00179957,90440.5,0.00079943,90440.7,0.00079952,90440.9,0.00079957,90440.0,0.08243,90439.9,0.012,90439.0,0.0103,90438.4,0.00376431,90438.0,0.0103,90439.9,0.0007994,1
1763567190.936373,1763567191309,90440.1,0.51294422,90440.3,0.05108711,90440.4,0.03311867,90440.5,0.00079943,90440.7,0.00079952,90440.0,0.01203,90438.4,0.00376431,90438.0,0.0103,90437.4,1e-05,90433.8,0.01014837,90439.9,0.0007994,1
1763567191.036798,1763567191409,90432.8,0.32617659,90433.8,0.1073876,90433.9,0.06762606,90435.0,1e-05,90436.0,0.0103,90432.7,3.953e-05,90432.0,0.02528894,90431.9,0.0007994,90431.7,0.00079979,90431.5,0.00079971,90432.7,1.106e-05,-1
1763567191.137079,1763567191509,90432.1,0.35376877,90432.8,0.03412143,90433.0,0.0103,90433.6,0.03346909,90435.0,1e-05,90432.0,0.26293687,90431.9,0.0007994,90431.7,0.00079979,90431.5,0.00079971,90431.3,0.00079991,90432.0,5.059e-05,-1
1763567191.235611,1763567191609,90432.1,0.35376877,90432.7,0.02875243,90432.8,0.03412143,90433.0,0.0103,90433.6,0.03346909,90432.0,0.00903801,90431.9,0.0007994,90431.7,0.00079979,90431.5,0.00079971,90431.3,0.00079991,90432.0,5.059e-05,-1
1763567191.336889,1763567191709,90432.1,0.20715347,90432.7,0.07149199,90432.8,0.03412143,90433.0,0.0103,90433.6,0.03346909,90432.0,0.0249225,90431.9,0.0007994,90431.7,0.00079979,90431.5,0.00079971,90431.3,0.00079991,90432.0,5.059e-05,-1
1763567191.4339619,1763567191809,90432.1,0.17291006,90432.8,0.03412143,90433.0,0.0103,90433.6,0.03346909,90435.0,0.01031,90432.0,0.35735695,90431.9,0.0007994,90431.7,0.00079979,90431.5,0.00079971,90431.3,0.00079991,90432.0,5.059e-05,-1
1763567191.533244,1763567191909,90432.1,0.34590663,90432.4,0.16587,90432.7,0.03991103,90432.8,0.03412143,90433.0,0.02950324,90432.0,0.0562975,90431.9,0.0007994,90431.7,0.00079979,90431.5,0.00079971,90431.3,0.00079991,90432.1,0.00022111,1
1763567191.636071,1763567192009,90432.0,0.28027775,90432.1,0.16588,90432.3,0.08942322,90432.4,0.16587,90432.8,0.03412143,90431.9,0.0007994,90431.7,0.00079979,90431.5,0.00079971,90431.3,0.00079991,90431.1,0.00079988,90432.1,0.00022111,1
1763567191.7406678,1763567192109,90432.0,0.21531746,90432.8,0.03412143,90433.0,0.02950324,90433.6,0.03346909,90434.0,0.0103,90431.9,0.0167764,90431.8,7.7e-05,90431.7,0.00087679,90431.6,7.7e-05,90431.5,0.00087671,90432.1,0.00022111,1
1763567191.834232,1763567192209,90432.0,0.20862714,90432.8,0.03412143,90433.0,0.02950324,90433.6,0.03346909,90434.0,0.0103,90431.9,0.0332389,90431.8,7.7e-05,90431.7,0.00087679,90431.6,7.7e-05,90431.5,0.00087671,90432.1,0.00022111,1
1763567191.9368231,1763567192309,90432.0,0.17313421,90432.8,0.001,90433.0,0.02950324,90433.6,0.03346909,90433.8,0.03796094,90431.9,0.0323389,90431.8,7.7e-05,90431.7,0.00087679,90431.6,7.7e-05,90431.5,0.00087671,90432.1,0.00022111,1
1763567192.033395,1763567192409,90431.8,0.74521316,90431.9,0.08400164,90432.0,0.06559019,90432.8,0.001,90433.0,0.02950324,90431.7,0.00089231,90431.6,7.7e-05,90431.5,0.00087671,90431.4,7.7e-05,90431.3,0.00087691,90431.8,7.7e-05,-1
1763567192.133356,1763567192509,90431.8,0.91109316,90431.9,0.16179509,90432.0,0.06559019,90432.4,0.16587,90432.8,0.001,90431.7,0.00765931,90431.6,7.7e-05,90431.5,0.00087671,90431.4,7.7e-05,90431.3,0.00087691,90431.8,7.7e-05,-1
1763567192.2348878,1763567192609,90431.8,0.4806878,90431.9,0.03093061,90432.0,0.0103,90432.8,0.001,90433.0,0.02950324,90431.7,0.07152115,90431.6,7.7e-05,90431.5,0.00087671,90431.4,7.7e-05,90431.3,0.00087691,90431.8,7.7e-05,-1
1763567192.334124,1763567192709,90431.8,0.85874565,90431.9,0.03100761,90432.0,0.0103,90432.8,0.001,90433.0,0.02950324,90431.7,0.07150563,90431.6,7.7e-05,90431.5,0.00087671,90431.4,7.7e-05,90431.3,0.00087691,90431.8,7.7e-05,-1
1763567192.4342651,1763567192809,90431.8,0.70666565,90431.9,0.03100761,90432.0,0.0103,90432.7,0.00553242,90432.8,0.001,90431.7,0.00764379,90431.6,7.7e-05,90431.5,0.00087671,90431.4,7.7e-05,90431.3,0.00087691,90431.8,7.7e-05,-1
1763567192.536587,1763567192909,90431.8,1.03842565,90431.9,0.03100761,90432.0,0.0103,90432.7,0.00553242,90432.8,0.001,90431.7,0.00764379,90431.6,7.7e-05,90431.5,0.00087671,90431.4,7.7e-05,90431.3,0.00087691,90431.8,7.7e-05,-1
1763567192.634012,1763567193009,90431.6,0.63954792,90431.7,0.86416092,90431.8,0.49269779,90431.9,0.03100761,90432.0,0.0103,90431.5,0.00087671,90431.4,7.7e-05,90431.3,0.00087691,90431.2,7.7e-05,90431.1,0.00087688,90431.6,7.7e-05,-1
1763567192.735008,1763567193109,90428.6,0.56012556,90428.7,0.31749982,90428.8,0.03605371,90429.0,0.0103,90429.7,0.34451016,90428.5,1.571e-05,90428.4,0.00013584,90428.3,0.00087734,90428.2,7.7e-05,90428.1,0.00087731,90428.5,0.00133881,-1
1763567192.8351731,1763567193209,90427.0,1.12048548,90427.1,0.47678568,90428.0,0.04826338,90428.2,0.1192,90428.3,0.03605371,90426.9,0.00093295,90426.8,7.7e-05,90426.7,0.0008886,90426.6,0.0001025,90426.5,0.00087721,90427.0,7.7e-05,-1
1763567192.936825,1763567193309,90412.1,0.08008779,90412.2,0.11334277,90412.3,0.15393364,90412.5,0.00080029,90412.7,0.00080011,90412.0,0.09211263,90404.3,0.00081061,90404.1,0.00080031,90404.0,0.002068,90403.9,0.00082134,90404.4,0.028,-1
1763567193.034965,1763567193409,90412.1,0.12643364,90412.3,0.03086031,90412.5,0.00080029,90412.7,0.00080011,90412.9,0.05232348,90412.0,0.05164412,90410.0,0.0103,90409.2,1e-05,90405.7,0.01896702,90404.7,0.00401685,90412.1,0.00110604,1
1763567193.135691,1763567193509,90412.1,0.12643364,90412.3,0.03086031,90412.5,0.00080029,90412.7,0.00080011,90412.9,0.05232348,90412.0,0.06030135,90411.0,0.0103,90410.0,0.0103,90409.2,1e-05,90405.4,0.00388275,90412.1,0.00110604,1
1763567193.234872,1763567193609,90412.1,0.19461751,90412.3,0.03086031,90412.5,0.00080029,90412.7,0.00080011,90412.9,0.05232348,90412.0,0.00483149,90410.0,0.0103,90409.2,1e-05,90404.5,1e-05,90404.3,0.00081061,90412.1,0.00110604,1
1763567193.33559,1763567193709,90412.1,0.12728818,90412.3,0.03086031,90412.5,0.00080029,90412.7,0.00080011,90412.8,0.05608644,90412.0,0.04841149,90411.0,0.0103,90410.0,0.0103,90409.2,1e-05,90404.9,0.0038456,90412.1,0.00110604,1
1763567193.43763,1763567193809,90412.1,0.19495282,90412.3,0.03086031,90412.5,0.00080029,90412.7,0.00080011,90412.8,0.05608644,90412.0,0.00483149,90411.0,0.0103,90410.0,0.0103,90409.2,1e-05,90404.5,0.00385944,90412.1,0.00110604,1
1763567193.533876,1763567193909,90412.1,0.19495282,90412.3,0.03086031,90412.5,0.00080029,90412.7,0.00080011,90412.8,0.03506012,90412.0,0.00483149,90410.0,0.0103,90409.2,1e-05,90405.1,0.00096205,90404.9,0.00217773,90412.1,0.00110604,1
1763567193.6360111,1763567194009,90412.1,0.19495282,90412.3,0.03086031,90412.5,0.00080029,90412.7,0.00080011,90412.8,0.03506012,90412.0,0.00483149,90410.0,0.0103,90409.2,1e-05,90404.5,0.00313311,90404.3,0.00081061,90412.1,0.00110604,1
1763567193.734215,1763567194109,90412.1,0.20875282,90412.3,0.03086031,90412.5,0.00080029,90412.7,0.00080011,90412.8,0.03506012,90412.0,0.00483149,90409.2,1e-05,90404.5,1e-05,90404.3,0.00081061,90404.1,0.00080031,90412.1,0.00110604,1
1763567193.837482,1763567194209,90401.6,0.18853076,90402.0,0.0103,90402.2,0.20740138,90402.4,0.00733,90402.6,0.03852442,90401.5,0.34059273,90401.4,0.00039363,90401.3,0.00203611,90401.1,0.00079938,90401.0,0.00011554,90401.7,0.00079993,-1
1763567193.935412,1763567194309,90401.6,0.21801768,90405.0,1e-05,90406.5,0.03852275,90407.0,0.001,90408.3,0.00245,90401.5,0.11229605,90401.4,0.00039363,90401.3,0.00203611,90401.1,0.00079938,90401.0,0.01041554,90401.5,0.00012931,-1
1763567194.03364,1763567194409,90401.6,0.28042506,90402.0,0.03223486,90402.1,0.03852462,90404.8,0.00816984,90405.0,0.034959,90401.5,0.01723879,90401.4,0.00039363,90401.3,0.00203611,90401.1,0.00079938,90401.0,0.01041554,90401.5,0.00012931,-1
1763567194.133603,1763567194509,90400.1,0.38693037,90401.0,0.0103,90401.1,0.04764787,90401.2,0.06729544,90401.6,0.07723508,90400.0,0.11387106,90399.9,0.00365582,90399.8,1e-05,90399.7,0.00079979,90399.6,0.00010945,90400.0,0.0069,-1
1763567194.236469,1763567194609,90399.3,0.0989,90399.5,0.0028,90399.6,0.00756374,90400.0,0.4676119,90400.1,0.03981,90398.7,0.00023367,90398.5,0.00079969,90398.4,3.23e-05,90398.3,0.00079963,90398.1,0.00079988,90398.7,0.00058499,-1
1763567194.3353012,1763567194709,90390.8,0.14499156,90391.5,0.00087513,90391.7,0.03852906,90393.5,0.036,90393.9,0.00553476,90390.7,0.00106321,90390.6,2.521e-05,90390.5,0.00079969,90390.4,6.098e-05,90390.3,0.0008126,90390.9,0.00079985,-1
1763567194.4392462,1763567194809,90390.8,0.06519329,90391.0,0.0103,90391.1,0.03852932,90391.7,0.03852906,90393.1,0.00834982,90390.7,0.20190213,90390.6,2.521e-05,90390.5,0.00079969,90390.4,6.098e-05,90390.3,0.0008126,90390.7,0.00015927,-1
1763567194.535667,1763567194909,90390.8,0.001,90394.1,0.001,90394.9,0.00087513,90395.0,0.0103,90395.2,1e-05,90390.7,0.30480723,90390.6,2.521e-05,90390.5,0.00079969,90390.4,6.098e-05,90390.3,0.0008126,90390.7,0.00015927,-1
1763567194.636245,1763567195009,90390.8,0.001,90395.0,0.0103,90395.2,1e-05,90396.0,0.0103,90396.9,0.01444953,90390.7,0.31212346,90390.6,2.521e-05,90390.5,0.00079969,90390.4,6.098e-05,90390.3,0.0008126,90390.7,0.00015927,-1
1763567194.736853,1763567195109,90390.8,0.001,90392.8,0.00254865,90393.0,0.0103,90394.6,0.00469249,90394.8,0.00374973,90390.7,0.31212346,90390.6,2.521e-05,90390.5,0.00079969,90390.4,6.098e-05,90390.3,0.0008126,90390.7,0.00015927,-1
1763567194.83514,1763567195209,90390.8,0.06035248,90392.0,0.0103,90393.0,0.0103,90395.0,0.0103,90395.2,1e-05,90390.7,0.21175273,90390.6,2.521e-05,90390.5,0.00079969,90390.4,6.098e-05,90390.3,0.0008126,90390.7,0.02836214,-1
1763567194.933983,1763567195309,90390.8,0.04535248,90393.0,0.0103,90395.0,0.0103,90395.2,1e-05,90396.0,0.0103,90390.7,0.21172209,90390.6,2.521e-05,90390.5,0.00079969,90390.4,6.098e-05,90390.3,0.0008126,90390.7,0.02836214,-1
1763567195.037513,1763567195409,90398.0,0.0103,90398.7,0.00079978,90398.8,0.00438128,90398.9,0.00079985,90399.0,0.0103,90397.9,0.24412062,90396.9,0.28855767,90396.1,0.14548294,90396.0,0.0103,90395.9,0.1,90396.0,7.789e-05,1
1763567195.135731,1763567195509,90398.9,0.00087773,90399.1,0.00079988,90399.3,0.00079991,90399.5,0.00079971,90399.7,0.00079979,90398.8,0.44176289,90398.7,0.02798893,90398.0,0.02264909,90397.9,0.0197705,90397.0,0.0103,90398.7,0.00052476,1
1763567195.234878,1763567195609,90399.1,0.00087777,90399.3,0.00079991,90399.5,0.00079971,90399.7,0.00079979,90399.9,0.0007994,90399.0,0.83521885,90398.9,0.02798887,90398.2,0.0178769,90398.1,0.0279891,90398.0,0.0103,90398.9,0.00085782,1
1763567195.336255,1763567195709,90399.1,0.00085786,90399.3,0.00079991,90399.5,0.00079971,90399.7,0.00079979,90399.9,0.0007994,90399.0,0.55648068,90398.9,0.02798887,90398.0,0.0103,90397.0,0.0103,90396.2,0.001,90399.0,0.005,-1
1763567195.434399,1763567195809,90399.1,0.01585786,90399.3,0.00079991,90399.5,0.00079971,90399.7,0.00079979,90399.9,0.0007994,90399.0,0.55654316,90398.9,0.02798887,90398.0,0.0103,90397.1,0.01642962,90397.0,0.0103,90399.0,0.005,-1
1763567195.5386298,1763567195909,90399.1,0.17441989,90399.3,0.00079991,90399.5,0.00079971,90399.7,0.00079979,90399.9,0.0007994,90399.0,0.40242887,90398.0,0.0103,90397.0,0.0103,90396.2,0.001,90396.0,0.0103,90399.0,0.005,-1
1763567195.635921,1763567196009,90399.1,0.17681336,90399.3,0.00079991,90399.5,0.00079971,90399.7,0.00079979,90399.9,0.0007994,90399.0,0.26936054,90397.0,0.0103,90396.2,0.001,90396.0,0.0103,90395.1,1e-05,90399.0,0.005,-1
1763567195.735712,1763567196109,90396.3,0.10007864,90397.1,0.00553102,90398.1,0.00553102,90399.0,0.03482934,90399.1,0.17681336,90396.2,0.001,90395.1,1e-05,90395.0,0.0103,90393.0,0.0103,90390.9,0.00079985,90399.0,0.005,-1
1763567195.8356411,1763567196209,90396.3,0.10874057,90396.9,0.01536296,90397.0,0.0103,90397.9,0.03701716,90398.0,0.0103,90396.2,0.18994676,90396.0,0.0103,90395.1,1e-05,90395.0,0.0103,90394.0,0.0103,90396.3,0.06045248,1
1763567195.9363241,1763567196309,90396.3,0.18255133,90397.0,0.0103,90397.6,0.03701728,90398.0,0.0103,90398.3,0.02958949,90396.2,0.02078933,90395.1,1e-05,90393.0,0.0103,90390.9,0.00079985,90390.7,0.00079978,90396.3,0.06045248,1
1763567196.0344079,1763567196409,90396.3,0.29896361,90397.0,0.0103,90397.6,0.03701728,90398.0,0.0103,90398.1,0.00043756,90396.2,0.02078933,90395.1,1e-05,90390.9,0.00079985,90390.7,0.00079978,90390.6,2.521e-05,90396.3,0.00278772,1
1763567196.136204,1763567196509,90395.2,0.19322409,90396.3,0.50608841,90397.0,0.0103,90397.6,0.03701728,90398.0,0.0103,90395.1,1e-05,90391.0,4.941e-05,90390.9,0.00079985,90390.7,0.00079978,90390.6,2.521e-05,90396.2,0.00055326,-1
1763567196.235399,1763567196609,90391.0,0.31344859,90391.8,0.0396347,90392.7,0.00777841,90392.9,0.02213,90393.0,0.0103,90390.9,0.01583263,90390.7,0.00079978,90390.6,2.521e-05,90390.5,0.00079969,90390.4,6.098e-05,90391.0,4.941e-05,-1
1763567196.3351738,1763567196709,90390.1,0.26208394,90390.3,1e-05,90390.8,0.24573017,90390.9,0.03963509,90391.0,0.04831998,90390.0,0.10420645,90389.9,0.00079983,90389.7,0.00079978,90389.5,0.00079979,90389.4,0.00079969,90390.1,0.01152559,1
1763567196.434047,1763567196809,90390.1,0.20814235,90390.3,1e-05,90390.8,0.1002615,90390.9,0.03963509,90391.0,0.04831998,90390.0,0.12393873,90389.9,0.00079983,90389.7,0.00079978,90389.5,0.00079979,90389.4,0.00079969,90390.1,0.01152559,1
1763567196.5350862,1763567196909,90390.1,0.21461235,90390.3,1e-05,90390.8,0.1002615,90390.9,0.03963509,90391.0,0.04831998,90390.0,0.12393873,90389.9,0.00079983,90389.7,0.00079978,90389.5,0.00079979,90389.4,0.00079969,90390.1,0.01152559,1
1763567196.636651,1763567197009,90390.1,0.23691119,90390.3,1e-05,90390.8,0.1002615,90390.9,0.03963509,90391.0,0.04831998,90390.0,0.04333873,90389.9,0.00079983,90389.7,0.00079978,90389.5,0.00079979,90389.4,0.00079969,90390.1,0.01152559,1
1763567196.7363148,1763567197109,90390.1,0.51628299,90390.2,0.03702031,90390.3,1e-05,90390.8,0.35295014,90390.9,0.03963509,90390.0,0.02833873,90389.9,0.00079983,90389.7,0.00079978,90389.5,0.00079979,90389.4,0.00079969,90390.1,0.23691119,1
1763567196.837644,1763567197209,90390.1,0.56604199,90390.2,0.03702031,90390.3,1e-05,90390.8,0.35295014,90390.9,0.03963509,90390.0,0.02833873,90389.9,0.00079983,90389.7,0.00079978,90389.5,0.00079979,90389.4,0.00079969,90390.1,0.23691119,1
1763567196.934405,1763567197309,90390.1,0.56604199,90390.2,0.03702031,90390.3,1e-05,90390.8,0.35295014,90390.9,0.03963509,90390.0,0.02804872,90389.9,0.00079983,90389.7,0.00079978,90389.5,0.00079979,90389.4,0.00079969,90390.0,0.00029001,-1
1763567197.034406,1763567197409,90390.1,0.5652375,90390.2,0.03702031,90390.3,1e-05,90390.7,0.20904347,90390.8,0.35295014,90390.0,0.02804872,90389.9,0.00079983,90389.7,0.00079978,90389.5,0.00079979,90389.4,0.00079969,90390.0,0.00029001,-1
1763567197.135627,1763567197509,90390.1,0.58744539,90390.2,0.03702031,90390.3,1e-05,90390.5,0.5961178,90390.6,0.43979653,90390.0,0.02802334,90389.9,0.00079983,90389.7,0.00079978,90389.5,0.00079979,90389.4,0.00079969,90390.0,0.00029001,-1
1763567197.2349708,1763567197609,90386.3,0.46524336,90386.6,0.03702178,90387.0,0.0103,90387.9,0.16286123,90388.0,0.0103,90386.2,0.00564613,90386.1,0.00080016,90386.0,0.00010761,90385.9,0.00080009,90385.7,0.00080993,90386.2,0.07035986,-1
1763567197.33479,1763567197709,90386.3,0.27871625,90386.6,0.03702178,90387.0,0.0103,90387.7,0.00841397,90388.0,0.0103,90386.2,0.29775843,90386.1,0.00080016,90386.0,0.00010761,90385.9,0.00080009,90385.7,0.00080993,90386.3,0.00022123,1
1763567197.434619,1763567197809,90386.3,0.20108625,90386.6,0.03702178,90387.0,0.0103,90387.7,0.00841397,90388.0,0.0103,90386.2,0.30989685,90386.1,0.00080016,90386.0,0.01040761,90385.9,0.00080009,90385.7,0.00080993,90386.2,0.00280536,-1
1763567197.5350451,1763567197909,90386.3,0.0148,90390.0,0.03243,90390.1,7.789e-05,90390.3,1e-05,90390.8,0.001,90386.2,0.32272452,90386.1,0.00080016,90386.0,0.01040761,90385.9,0.00080009,90385.7,0.00080993,90386.2,0.00280536,-1
1763567197.635517,1763567198009,90386.3,0.0562,90387.0,0.0103,90388.0,0.0103,90389.0,0.0103,90390.0,0.03243,90386.2,0.32274597,90386.1,0.00080016,90386.0,0.01040761,90385.9,0.00080009,90385.7,0.00080993,90386.2,0.00280536,-1
1763567197.7370398,1763567198109,90386.3,0.0562,90387.0,0.0103,90388.0,0.0103,90389.0,0.0103,90390.0,0.0103,90386.2,0.31541597,90386.1,0.00080016,90386.0,0.01040761,90385.9,0.00080009,90385.7,0.00080993,90386.2,0.00280536,-1
1763567197.833784,1763567198209,90386.3,0.0562,90390.0,0.0103,90390.3,1e-05,90390.8,0.001,90390.9,7.789e-05,90386.2,0.42271033,90386.1,0.00080016,90386.0,0.01040761,90385.9,0.00080009,90385.7,0.00080993,90386.2,0.00280536,-1
1763567197.933918,1763567198309,90388.0,0.11577546,90389.0,0.0103,90389.4,0.001,90390.0,0.0103,90390.3,1e-05,90387.9,0.39020988,90387.0,0.0103,90386.7,0.05301049,90386.2,0.00390546,90386.1,0.00080016,90386.3,0.001,1
1763567198.0346088,1763567198409,90388.0,0.11577145,90389.0,0.0103,90389.4,0.001,90390.0,0.0103,90390.3,1e-05,90387.9,0.368585,90387.0,0.0103,90386.2,0.00281546,90386.1,0.00080016,90386.0,0.01040761,90386.3,0.001,1
1763567198.134393,1763567198509,90389.0,0.10837789,90389.4,0.001,90390.0,0.0103,90390.3,1e-05,90390.8,0.001,90388.9,0.4365068,90388.2,0.05300961,90388.0,0.0103,90387.9,0.014965,90387.0,0.0103,90388.0,7.789e-05,1
1763567198.235222,1763567198609,90389.0,0.18642176,90389.4,0.001,90389.9,0.01135363,90390.0,0.0103,90390.3,1e-05,90388.9,0.0298525,90388.0,0.0103,90387.0,0.0103,90386.2,0.00281546,90386.1,0.00080016,90388.9,0.00034905,-1
1763567198.3355362,1763567198709,90389.0,0.01775176,90389.4,0.001,90390.0,0.0103,90390.3,1e-05,90390.6,0.00807779,90388.9,0.19990056,90388.0,0.0103,90387.0,0.0103,90386.2,0.00281546,90386.1,0.00080016,90388.9,0.00034905,-1
1763567198.4348001,1763567198809,90389.4,0.10643536,90390.0,0.0103,90390.8,0.03085878,90391.0,0.0103,90391.5,0.00818409,90389.3,0.40221,90389.0,0.0103,90388.9,0.00842,90388.0,0.0103,90387.0,0.0103,90389.0,7.789e-05,1
1763567198.5478358,1763567198909,90389.4,0.00107789,90390.0,0.0103,90390.8,0.001,90391.0,0.0103,90391.7,0.007929,90389.3,0.410284,90389.0,0.0103,90388.0,0.0103,90387.0,0.0103,90386.2,0.00281546,90389.0,7.789e-05,1
1763567198.676098,1763567199009,90389.4,0.04247789,90390.0,0.0103,90390.8,0.00903676,90391.0,0.0103,90391.5,0.00819158,90389.3,0.4133095,90389.0,0.0103,90388.0,0.0103,90387.0,0.0103,90386.2,0.00281546,90389.0,7.789e-05,1
1763567198.735619,1763567199109,90389.4,0.06362795,90390.0,0.0103,90390.8,0.00904436,90391.0,0.0103,90391.1,0.00811279,90389.3,0.4133095,90389.0,0.0103,90388.0,0.0103,90387.0,0.0103,90386.2,0.00281546,90389.0,7.789e-05,1
1763567198.8341691,1763567199209,90389.4,0.06362795,90390.0,0.0103,90390.8,0.00904436,90391.0,0.0103,90391.1,0.00811279,90389.3,0.425621,90389.0,0.0103,90388.0,0.0103,90387.0,0.0103,90386.2,0.00281546,90389.0,7.789e-05,1
1763567198.933856,1763567199309,90389.4,0.05627789,90390.0,0.0103,90390.8,0.001,90391.0,0.0103,90391.5,0.00821566,90389.3,0.43099685,90389.0,0.0103,90388.0,0.0103,90387.0,0.0103,90386.2,0.03821048,90389.0,7.789e-05,1
1763567199.035289,1763567199409,90389.4,0.05627789,90390.8,0.001,90391.0,0.0103,90391.5,0.00822544,90391.7,0.007929,90389.3,0.43099685,90389.0,0.0103,90388.0,0.0103,90387.0,0.0103,90386.2,0.00281546,90389.0,7.789e-05,1
1763567199.134329,1763567199509,90400.3,0.00022879,90400.5,0.00079943,90400.7,0.00079952,90400.9,0.00079957,90401.1,0.00079938,90400.2,0.48639569,90400.0,0.1103,90399.8,1e-05,90399.0,0.1103,90398.0,0.0103,90400.2,0.00026,-1
1763567199.234182,1763567199609,90400.3,0.17559111,90400.5,0.00079943,90400.7,0.00079952,90400.9,0.00079957,90401.0,0.0103,90400.2,0.0773895,90399.8,1e-05,90398.8,0.001,90395.1,1e-05,90392.2,0.00103517,90400.2,0.00026,-1
1763567199.334473,1763567199709,90395.2,0.13977817,90396.0,0.0103,90397.3,0.00837259,90397.5,0.00841497,90397.7,0.00845867,90395.1,0.07591279,90394.0,0.0103,90393.0,0.0103,90392.1,0.00079961,90392.0,0.0103,90395.1,1.107e-05,-1
1763567199.435086,1763567199809,90395.2,0.11484983,90396.0,0.0103,90396.5,0.00824211,90396.7,0.00828589,90396.9,0.16286123,90395.1,0.08301779,90393.0,0.0103,90392.1,0.00079961,90392.0,0.0103,90391.9,0.0007994,90395.1,1.107e-05,-1
1763567199.53663,1763567199909,90395.2,0.27702199,90396.0,0.0103,90396.1,0.02888669,90396.5,0.00825714,90396.6,0.04693337,90395.1,0.038705,90392.1,0.00079961,90391.9,0.0007994,90391.7,0.00079979,90391.5,0.00079971,90395.1,0.005,-1
1763567199.637141,1763567200009,90395.2,0.20727944,90395.6,0.02212,90396.0,0.0103,90396.1,0.02888669,90396.4,0.00822725,90395.1,0.05399779,90392.1,0.00079961,90391.9,0.0007994,90391.7,0.00079979,90391.5,0.00079971,90395.1,0.005,-1
1763567199.739447,1763567200109,90395.2,0.22096882,90396.0,0.0103,90396.1,0.02888669,90396.4,0.00822725,90396.5,0.00825714,90395.1,0.023195,90392.1,0.00079961,90391.9,0.0007994,90391.7,0.00079979,90391.5,0.00079971,90395.2,0.00011062,1
1763567199.879585,1763567200209,90395.2,0.2347775,90395.6,0.02212,90395.9,0.04689779,90396.0,0.0103,90396.1,0.02888669,90395.1,0.023195,90392.1,0.00079961,90391.9,0.0007994,90391.7,0.00079979,90391.5,0.00079971,90395.2,0.00011062,1
1763567199.934308,1763567200309,90395.2,0.47628776,90395.3,0.00087513,90395.4,0.08011845,90395.6,0.0553127,90395.9,0.04689779,90395.1,0.005272,90395.0,7.7e-05,90394.9,7.7e-05,90394.8,7.7e-05,90394.7,7.7e-05,90395.1,0.003,-1
1763567200.035758,1763567200409,90389.4,0.37324148,90390.0,0.02213,90390.8,0.00087513,90391.0,0.00838079,90391.1,0.17662933,90389.3,0.06621993,90389.2,0.00087675,90389.1,7.7e-05,90389.0,0.000877,90388.9,7.7e-05,90389.3,0.00624378,-1
1763567200.1351628,1763567200509,90389.4,0.27779209,90390.0,0.03243,90391.0,0.00838079,90391.1,0.17662933,90391.2,0.17126668,90389.3,0.07503587,90389.2,0.00087675,90389.1,7.7e-05,90389.0,0.000877,90388.9,7.7e-05,90389.3,0.00624378,-1
1763567200.2355242,1763567200609,90389.4,0.27786021,90390.0,0.03243,90391.0,0.00838079,90391.2,0.17126668,90391.3,0.03669536,90389.3,0.08914134,90389.2,0.00087675,90389.1,7.7e-05,90389.0,0.011177,90388.9,7.7e-05,90389.3,0.00624378,-1
1763567200.334072,1763567200709,90389.4,0.31926021,90390.0,0.03243,90391.0,0.00838079,90391.1,0.16706332,90391.2,0.17126668,90389.3,0.0692204,90389.2,0.00087675,90389.1,7.7e-05,90389.0,0.011177,90388.9,7.7e-05,90389.3,0.00624378,-1
1763567200.4348311,1763567200809,90389.4,0.33304658,90390.0,0.03243,90391.0,0.00838079,90391.1,0.16706332,90391.2,0.17126668,90389.3,0.06944166,90389.2,0.00087675,90389.1,7.7e-05,90389.0,0.011177,90388.9,7.7e-05,90389.4,1.363e-05,1
1763567200.535594,1763567200909,90389.4,0.69156237,90390.0,0.0103,90391.0,0.00838079,90391.1,0.16706332,90391.2,0.17126668,90389.3,0.00644387,90389.2,0.00087675,90389.1,7.7e-05,90389.0,0.000877,90388.9,7.7e-05,90389.4,1.363e-05,1
1763567200.6354702,1763567201009,90389.4,0.85980139,90390.0,0.03243,90391.0,0.00838079,90391.1,0.00022127,90391.2,0.17126668,90389.3,0.00636598,90389.2,0.00087675,90389.1,7.7e-05,90389.0,0.000877,90388.9,7.7e-05,90389.4,1.363e-05,1
1763567200.733589,1763567201109,90389.4,0.69383139,90390.0,0.0103,90390.9,0.00022127,90391.0,0.44817732,90391.1,0.18704532,90389.3,0.00636598,90389.2,0.00087675,90389.1,7.7e-05,90389.0,0.000877,90388.9,7.7e-05,90389.4,1.363e-05,1
1763567200.834568,1763567201209,90389.4,0.69383139,90389.5,0.000154,90389.6,7.7e-05,90389.7,7.7e-05,90389.8,7.7e-05,90389.3,0.00636598,90389.2,0.00087675,90389.1,7.7e-05,90389.0,0.000877,90388.9,7.7e-05,90389.4,1.363e-05,1
1763567200.933901,1763567201309,90389.4,0.85980139,90389.5,0.000154,90389.6,7.7e-05,90389.7,7.7e-05,90389.8,7.7e-05,90389.3,0.00636598,90389.2,0.00087675,90389.1,7.7e-05,90389.0,0.000877,90388.9,7.7e-05,90389.4,1.363e-05,1
1763567201.034116,1763567201409,90389.4,0.29776033,90389.5,0.000154,90389.6,7.7e-05,90389.7,7.7e-05,90389.8,7.7e-05,90389.3,0.00726598,90389.2,0.00087675,90389.1,7.7e-05,90389.0,0.000877,90388.9,7.7e-05,90389.4,1.363e-05,1
1763567201.134592,1763567201509,90389.4,0.475274,90389.5,0.000154,90389.6,7.7e-05,90389.7,7.7e-05,90389.8,7.7e-05,90389.3,0.02128075,90389.2,0.00087675,90389.1,7.7e-05,90389.0,0.000877,90388.9,7.7e-05,90389.3,8.523e-05,-1
1763567201.2350879,1763567201609,90389.4,0.491869,90389.5,0.000154,90389.6,7.7e-05,90389.7,7.7e-05,90389.8,7.7e-05,90389.3,0.00628075,90389.2,0.00087675,90389.1,7.7e-05,90389.0,0.000877,90388.9,7.7e-05,90389.3,8.523e-05,-1
1763567201.33547,1763567201709,90389.4,0.51324352,90389.5,0.000154,90389.6,7.7e-05,90389.7,7.7e-05,90389.8,7.7e-05,90389.3,0.02128075,90389.2,0.00087675,90389.1,7.7e-05,90389.0,0.000877,90388.9,7.7e-05,90389.3,8.523e-05,-1
1763567201.4345798,1763567201809,90389.4,0.22548879,90389.5,0.000154,90389.6,7.7e-05,90389.7,7.7e-05,90389.8,7.7e-05,90389.3,0.30479946,90389.2,0.00087675,90389.1,7.7e-05,90389.0,0.011177,90388.9,7.7e-05,90389.3,8.523e-05,-1
1763567201.534441,1763567201909,90389.4,0.25496033,90389.5,0.000154,90389.6,7.7e-05,90389.7,7.7e-05,90389.8,7.7e-05,90389.3,0.31210693,90389.2,0.00087675,90389.1,7.7e-05,90389.0,0.011177,90388.9,7.7e-05,90389.4,0.00603831,1
1763567201.63544,1763567202009,90389.4,0.49145962,90389.5,0.000154,90389.6,7.7e-05,90389.7,7.7e-05,90389.8,7.7e-05,90389.3,0.00608131,90389.2,0.00087675,90389.1,7.7e-05,90389.0,0.000877,90388.9,7.7e-05,90389.3,0.00019944,-1
1763567201.7345731,1763567202109,90389.4,0.39459732,90389.5,0.000154,90389.6,7.7e-05,90389.7,7.7e-05,90389.8,7.7e-05,90389.3,0.00608131,90389.2,0.00087675,90389.1,7.7e-05,90389.0,0.000877,90388.9,7.7e-05,90389.3,0.00019944,-1
1763567201.834021,1763567202209,90389.4,0.34209343,90389.5,0.000154,90389.6,7.7e-05,90389.7,7.7e-05,90389.8,7.7e-05,90389.3,0.00608131,90389.2,0.00087675,90389.1,7.7e-05,90389.0,0.000877,90388.9,7.7e-05,90389.3,0.00019944,-1
1763567201.9342,1763567202309,90389.4,0.50804343,90389.5,0.000154,90389.6,7.7e-05,90389.7,7.7e-05,90389.8,7.7e-05,90389.3,0.00608131,90389.2,0.00087675,90389.1,7.7e-05,90389.0,0.000877,90388.9,7.7e-05,90389.3,0.00019944,-1
1763567202.034467,1763567202409,90389.4,0.13041778,90389.5,0.000154,90389.6,7.7e-05,90389.7,7.7e-05,90389.8,7.7e-05,90389.3,0.25928553,90389.2,0.00087675,90389.1,7.7e-05,90389.0,0.011177,90388.9,7.7e-05,90389.3,0.00019944,-1
1763567202.135154,1763567202509,90389.0,1.54793795,90389.2,1e-05,90389.4,0.02591478,90389.5,0.000154,90389.6,7.7e-05,90388.9,0.34653752,90388.8,7.7e-05,90388.7,0.00087711,90388.6,7.7e-05,90388.5,0.00087729,90389.0,0.011177,-1
1763567202.233709,1763567202609,90389.0,1.55271119,90389.4,0.0148,90389.5,0.000154,90389.6,7.7e-05,90389.7,7.7e-05,90388.9,0.3415345,90388.8,7.7e-05,90388.7,0.00087711,90388.6,7.7e-05,90388.5,0.00087729,90389.0,0.011177,-1
1763567202.334493,1763567202709,90389.0,1.55266323,90389.4,0.001,90389.5,0.000154,90389.6,7.7e-05,90389.7,7.7e-05,90388.9,0.34651461,90388.8,7.7e-05,90388.7,0.00087711,90388.6,7.7e-05,90388.5,0.00087729,90389.0,0.011177,-1
1763567202.435479,1763567202809,90389.0,1.5526623,90389.4,0.001,90389.5,0.000154,90389.6,7.7e-05,90389.7,7.7e-05,90388.9,0.34650561,90388.8,7.7e-05,90388.7,0.00087711,90388.6,7.7e-05,90388.5,0.00087729,90389.0,0.011177,-1
1763567202.534893,1763567202909,90389.0,1.5664623,90389.1,0.000154,90389.2,7.7e-05,90389.3,7.7e-05,90389.4,0.001,90388.9,0.3415345,90388.8,7.7e-05,90388.7,0.00087711,90388.6,7.7e-05,90388.5,0.00087729,90389.0,0.011177,-1
